2766 4590
626 81 800 144 ,49-

10 288 17 294 ·
42 243 90 309 51³
148 263 194 320 troo
216 257 356 341 probibet
389 279 489 341 sopra
521 266 646 342 tenpore
671 261 789 341 qratia,
813 262 922 321 utrum
945 262 1091 342 spectent
1114 262 1154 324 ad
1179 266 1300 326 certam

50 372 90 415 ²:
148 364 337 428 occassionem
361 387 402 427 an
424 365 533 429 fictam
557 365 607 445 (ut
630 365 667 428 L.
692 364 830 428 Mueller
854 365 980 447 credit),
1005 388 1066 448 quo
1081 368 1172 431 modo
1189 373 1298 451 partes

146 469 211 533 inter
240 493 274 534 se
310 471 501 548 cohaercant,
539 475 599 535 cet.
647 470 696 534 De
731 471 781 534 his
818 472 962 535 omnibus
997 474 1092 536 rebus
1117 495 1207 536 snam
1229 475 1298 538 fere

10 572 16 607 ³
40 586 95 626 “¹2³
148 576 259 660 quisque
284 577 386 641 editor
404 577 584 660 opinionem
600 577 708 654 habet,
730 600 834 661 neque
852 578 1027 660 quidquam
1043 601 1194 661 umquam
1211 584 1298 645 certe

21 696 39 718 ·’
67 724 83 751 :-
147 682 361 748 diiudicabitur.

227 788 273 854 Ut
308 811 367 874 ego
403 813 527 874 quoque
563 791 596 854 in
624 791 782 855 lubricam
807 791 1060 854 coniecturarum
1084 791 1296 876 glaciem'me

10 896 38 932 ³³
58 906 91 963 ³:²³
147 896 294 974 conferam,
320 898 510 961 crediderim
533 897 704 961 Horatium
728 898 900 981 secundum
924 898 1104 981 convivium
1128 898 1208 961 illud
1229 922 1296 963 me-

64 1042 95 1056 ·-
129 1003 222 1069 ‚moria
256 1004 423 1067 etiamtum
457 1005 579 1068 recenti
608 1005 708 1068 musis
732 1009 764 1068 et
788 1005 1017 1087 quodammodo
1041 1005 1167 1069 Baccho
1191 1007 1296 1070 conci-

127 1110 223 1173 'tatum
257 1133 385 1174 carmen
420 1112 596 1194 scripsisse,
632 1112 665 1174 in
694 1111 762 1195 ipso
792 1116 898 1175 autem
923 1112 1065 1175 convivio
1088 1134 1232 1176 sermone
1256 1114 1297 1176 ad

142 1232 179 1278 res
196 1217 282 1280 taedii
304 1217 416 1300 plenas
441 1217 597 1282 declinato
621 1218 740 1281 lenitur
765 1219 988 1302 obiurgantem
1012 1241 1045 1282 se
1067 1219 1101 1281 in
1118 1218 1297 1302 Telephum

47 1388 84 1411 η
143 1324 324 1400 convertisse,
346 1347 493 1408 ⁴eumque
517 1325 677 1388 hortatum
707 1348 786 1402 esse,
811 1330 847 1387 ut
871 1326 993 1389 omissis
1017 1327 1112 1389 rebus
1136 1326 1295 1390 historicis
1374 1392 1379 1400 ,

60 1480 80 1520 3
147 1429 194 1493 ouis
215 1434 246 1494 et
270 1431 509 1516 archaeologicis
534 1455 571 1495 ea
594 1435 751 1509 narraret,
776 1455 847 1515 quae
872 1433 912 1495 ad
936 1433 1080 1496 convivia
1103 1437 1295 1516 spectarent,

63 1567 77 1628 ,Ξ
141 1537 251 1620 etquis
276 1560 393 1621 aquam
416 1542 621 1622 temperaret,
647 1543 719 1616 cet,
744 1539 813 1602 haec
837 1539 973 1622 denique
998 1540 1096 1602 verba
1113 1539 1176 1621 (vv.
1195 1542 1295 1624 5-8)

15 1664 74 1727 gp,
141 1662 186 1706 oon
210 1645 312 1708 solum
340 1646 380 1708 ad
404 1645 600 1710 celebratum
623 1646 703 1709 illud
727 1645 906 1709 convivium
930 1646 985 1709 sed
1010 1646 1050 1708 ad
1074 1647 1194 1729 quaevis
1219 1670 1293 1711 con-

69 1806 72 1817 .
139 1748 206 1815 rivio
228 1756 385 1836 spectare.
425 1753 498 1816 Non
522 1775 592 1815 sum
615 1753 741 1816 nescius
765 1753 863 1815 etiam
886 1752 969 1816 hanc
996 1753 1295 1836 interpretationem

136 1854 361 1922 difficultatibus
396 1859 551 1935 laborare,
576 1859 632 1922 sed
655 1859 796 1942 partium
820 1858 934 1922 saltem
958 1859 1136 1924 coniunctio
1161 1863 1193 1923 et
1217 1883 1292 1925 con-

136 1963 279 2028 venientia
304 1965 489 2048 explicatur,
515 1988 585 2048 quae
610 1967 643 2028 in
666 1966 726 2030 hoc
751 1967 890 2030 carmine
915 1967 955 2029 ad
971 1967 1224 2050 intellegendum
1241 1990 1292 2031 res

135 2067 306 2136 difficillima
329 2073 401 2150 fuit,
426 2095 561 2156 quaeque
585 2073 755 2137 Lehrsium
779 2074 916 2157 impulit,
941 2078 977 2136 ut
1000 2074 1033 2136 in
1056 2075 1126 2149 duo,
1144 2073 1293 2152 Sivrium,
1350 2058 1354 2067 ¹

133 2178 210 2241 utin
230 2180 295 2242 tria
319 2181 460 2243 carmina
484 2181 650 2258 divideret,
671 2179 859 2257 Peerlc2un1,
882 2185 918 2243 ut
940 2184 1066 2264 partem
1087 2182 1294 2263 posteriorem

10 2276 14 2283 λ
42 2266 73 2290 ²
132 2284 216 2348 aram
238 2285 282 2367 (v.
308 2288 430 2368 9-28)
454 2287 591 2351 reiceret
609 2288 644 2370 ¹).

11 2381 61 2498 'Im
108 2400 113 2411 '
222 2392 286 2458 Cur
320 2393 442 2458 Peerlc.
477 2399 525 2458 tot
554 2418 664 2458 versus
696 2394 859 2470 abiecerit,
891 2394 1055 2477 praecipua
1079 2418 1175 2458 causa
1198 2396 1232 2458 in
1257 2419 1292 2460 eo

132 2494 186 2580 ipso
218 2501 321 2564 inesse
355 2501 492 2578 videtur,
526 2502 608 2584 quod
638 2506 705 2564 tam
728 2501 829 2563 multa
851 2502 885 2563 in
910 2501 1050 2564 carmine
1073 2502 1161 2565 varie
1186 2503 1288 2586 expli·

10 2598 45 2685 ‘-
131 2609 237 2671 cantur.
289 2607 338 2671 De
376 2608 437 2672 hac
477 2631 572 2671 causa
609 2631 650 2671 ne
689 2609 822 2671 verbum
860 2608 989 2690 quidem
1028 2608 1178 2685 dicemus,
1217 2632 1292 2672 nam

58 2706 68 2718 ”
107 2731 222 2781 ‚onnes
256 2714 413 2778 moderati
450 2715 553 2778 critici
588 2714 781 2798 intellegunt
817 2715 989 2777 absurdum
1013 2736 1080 2778 csse
1104 2715 1182 2777 talia
1207 2717 1292 2798 apud

131 2820 261 2905 antiquos
297 2821 467 2904 scriptores
503 2822 611 2904 spuria
645 2822 776 2896 habere,
812 2843 884 2903 quae
918 2825 972 2884 aut
1005 2822 1045 2884 ad
1069 2821 1290 2904 explicandum

130 2924 257 2992 difficilia
303 2929 376 3005 sint,
421 2931 476 2991 aut
516 2929 603 2991 varie
639 2928 846 3011 explicentur.
905 2928 983 3002 Quae
1019 2932 1128 2991 contra
1163 2928 1291 3013 singula

128 3050 249 3125 quaeque
291 3037 390 3100 verba
432 3036 535 3112 affert,
578 3058 709 3099 morosae
752 3040 826 3098 sunt
869 3039 901 3097 et
934 3035 1055 3117 putidae
1091 3035 1289 3099 subtilitatis

131 3137 212 3217 ,Scin
245 3141 339 3226 Spott
373 3144 452 3206 tiber·
483 3142 533 3205 die
562 3143 619 3205 der
646 3141 764 3218 Nacht,
797 3143 869 3204 dem
892 3142 1008 3205 Mende
1031 3141 1096 3202 und
1121 3142 1192 3204 dem
1216 3143 1289 3205 Mn-

101 3266 191 3327 ¹rena
223 3250 258 3312 in
294 3250 397 3312 ciuem
432 3247 634 3332 Athemauge
664 3249 863 3332 gebrachten
887 3247 1126 3312 Gesandheitcn
1149 3248 1191 3310 ist
1214 3249 1290 3311 kein

99 3353 434 3424 ·rissenschattlicher
468 3356 607 3420 Bewcis“
629 3356 666 3438 2).
713 3355 827 3439 Neque
864 3355 1048 3419 meliorest
1077 3355 1196 3417 notatio
1222 3355 1289 3418 eius

128 3463 259 3545 ,gratias
284 3485 374 3545 aeque
399 3467 495 3545 atque
519 3486 625 3526 musas
649 3463 788 3546 impares
813 3465 898 3525 esse“
928 3466 983 3524 aut
1007 3461 1173 3539 dubitatio,
1195 3464 1289 3524 “num
1348 3448 1355 3457 ⁸

15 3570 48 3625 ta
123 3568 215 3651 spissa
239 3570 366 3653 ¹capitis
396 3593 484 3634 coma
518 3571 552 3633 in
587 3570 857 3634 commendatione
893 3568 1140 3653 pulchritudinis
1175 3569 1288 3631 haberi

10 3691 43 3731 ff·
121 3677 241 3757 possit,“
270 3682 331 3742 cet.
372 3677 435 3741 Cur
458 3678 563 3742 vicina
586 3701 647 3741 non
671 3677 789 3740 habilis
812 3676 880 3739 seni
905 3675 1130 3758 appellaretur,
1153 3676 1289 3751 credidit

223 3908 241 3972 1)
261 3917 342 3972 Idem,
362 3916 432 3975 quod
451 3916 638 3975 expectandum
657 3917 720 3970 crat,
742 3915 874 3974 Gruppius
894 3915 962 3960 fecit.

151 4046 156 4051 .
222 3997 241 4062 ¹)
260 4007 388 4060 Luebker,
408 4019 465 4064 pag.
487 4007 546 4050 483.
