2804 4582
611 185 786 247 „29-

107 382 254 447 quorem,
278 382 420 445 teneoque,
445 368 545 445 etque.
592 360 669 438 Vox,
694 384 765 444 quae
795 366 843 425 est
866 369 966 446 utque,
991 362 1024 424 in
1048 363 1193 426 omnibus
1216 361 1285 425 Ho-

109 469 175 532 rati
210 468 337 550 scriptis
372 468 481 532 tricies
516 468 685 551 quinquies
703 468 739 550 ¹),
767 469 817 531 bis
845 469 878 531 in
903 467 968 532 odis
993 467 1038 549 (h.
1063 469 1083 532 l.
1109 473 1141 532 et
1164 467 1206 532 ll:
1233 470 1284 546 10,

111 577 168 658 21)
203 575 374 639 invenitur.
421 573 534 657 ltaque
568 575 628 639 hoc
655 575 784 658 quidem
808 576 941 639 verbum
965 597 1054 658 aequo
1079 576 1182 639 animo
1206 576 1285 654 fero,

110 702 224 765 neque·
238 686 346 745 tamen
369 682 441 745 fieri
463 685 577 765 potest,
610 681 686 764 quin
710 704 785 746 voce
809 685 876 745 eine
900 682 1069 745 offenditur
1094 683 1228 760 animus,
1254 687 1286 747 et

110 789 181 853 iure
216 789 290 853 inde
320 813 338 852 a
363 788 608 873 Ouninghamio,
633 788 791 866 Decimio,
816 787 992 865 Sanadono,
1017 789 1163 853 Bentleio
1187 812 1284 872 repn-

111 897 200 958 diata
224 900 281 972 est,
306 918 380 959 nam
402 895 510 958 ieiima
532 917 636 978 neque
666 895 798 959 ferenda
822 899 880 973 est,
904 896 932 958 si
956 896 996 959 ad
1019 903 1113 980 captet
1135 897 1285 980 pertinet,

110 1003 304 1087 longiusque
339 1004 430 1067 abest
465 1003 505 1065 ab
533 1024 593 1084 ore,
619 1025 715 1085 quam
738 1023 809 1084 qnae
834 1025 869 1066 eo
893 1003 1006 1066 referri
1029 1003 1129 1086 possit
1152 1001 1202 1083 (nt
1224 1027 1285 1086 pu-

112 1114 184 1172 tant
218 1109 335 1186 Ritter,
371 1108 561 1186 Schmidius,
590 1108 766 1186 Nanckins,
790 1109 827 1173 L.
852 1109 998 1186 Mueller,
1024 1110 1102 1193 alii).
1150 1109 1286 1174 Proinde

102 1216 196 1279 'hanc
220 1216 366 1279 inutilem
389 1238 499 1280 vocem
515 1217 678 1279 demamus
690 1216 856 1299 locumque
869 1216 1058 1280 coniecturis
1072 1214 1285 1294 emendamus¹

114 1345 251 1406 quarum
275 1324 428 1406 optimam
453 1323 591 1386 arbitror
615 1344 682 1386 esse
706 1325 868 1407 eminetque
884 1323 921 1406 3).
969 1323 1048 1388 Haec
1065 1323 1286 1388 enimconiee·

111 1435 185 1493 tura
209 1429 517 1494 commendatissima
541 1430 611 1506 erit,
636 1429 802 1511 antiquam
824 1430 934 1493 literas
950 1431 1111 1494 scribendi
1130 1431 1287 1493 rationem

112 1537 413 1621 (palaeographiam)
449 1538 476 1599 si
511 1536 696 1619 respexeris,
730 1559 826 1619 quam
860 1537 916 1620 qni
943 1541 1108 1614 noverunt,
1132 1536 1286 1600 facillime

111 1643 315 1728 intellegunt,
340 1666 400 1726 quo
429 1643 520 1707 modo
543 1643 668 1707 librarii
692 1646 855 1728 enzicetqoe
877 1645 910 1706 in
934 1647 1000 1707 etos
1024 1651 1114 1728 etque
1138 1648 1283 1707 mutave·

113 1751 187 1815 rint.
234 1750 343 1814 Verba
377 1753 509 1834 spiritus
544 1758 630 1814 teter
664 1753 768 1814 emicet
791 1751 906 1814 bonam
929 1751 1020 1814 nobis
1044 1752 1188 1834 praebere
1213 1773 1285 1815 sen·
1382 1786 1385 1791 Δ

111 1857 257 1934 tentiam,
282 1856 395 1942 Unger
417 1857 439 1920 l.
464 1880 490 1921 c.
515 1857 624 1920 multis
647 1858 835 1920 monstravit
860 1858 1021 1941 exemplis.
1069 1857 1138 1933 Qua
1162 1858 1285 1921 coniec-

112 1969 186 2027 tura
221 1968 362 2048 accepta,
398 1964 430 2027 id
467 1964 549 2046 qnod
584 1964 617 2026 in
641 1964 701 2027 hac
725 1964 856 2047 stropha
880 1964 1105 2029 difficillimum
1128 1964 1286 2047 imprimis

113 2075 172 2148 est,
197 2070 329 2134 tollitur.
1295 2127 1297 2130 .

221 2178 255 2260 2)
280 2177 442 2242 Vocabulo
466 2185 552 2242 teter
575 2176 611 2240 L.
636 2177 773 2241 Mueller
800 2178 921 2241 bellurn
944 2178 1136 2261 inexpiabile
1160 2178 1284 2256 indixit,

112 2285 196 2368 quod
222 2285 255 2347 in
280 2286 423 2349 omnibus
448 2285 640 2348 editionibus
657 2306 716 2348 nec
731 2306 793 2347 non
809 2285 843 2347 in
858 2285 1047 2349 lectionibus
1063 2285 1238 2348 horatianis
1255 2289 1287 2349 et

114 2393 147 2454 in
172 2415 244 2455 ann.
269 2391 348 2475 phil.
376 2392 461 2455 1874
484 2416 516 2475 p.
542 2393 584 2455 64
608 2414 677 2474 sqq.
704 2396 735 2455 et
758 2393 791 2455 in
814 2392 906 2469 libro,
932 2393 986 2475 qui
1010 2392 1196 2456 inscribitur
1220 2391 1284 2456 Lit.

113 2499 198 2585 Hist.
223 2498 344 2583 Biogr.,
374 2503 409 2562 nt
432 2499 542 2581 paucis
567 2499 738 2576 absolvam,
764 2499 1023 2582 quotiescumque
1040 2499 1153 2582 potnit,
1178 2499 1285 2562 redin-

112 2605 264 2689 tegravit.
312 2606 408 2669 Cuius
444 2606 491 2669 rei
526 2628 672 2688 quaenam
701 2606 742 2668 sit
766 2629 871 2683 causa,
895 2607 1026 2669 minime
1049 2605 1162 2688 liquet,
1187 2628 1286 2688 quum

111 2735 215 2795 neque
239 2713 272 2774 in
296 2734 370 2776 sono
393 2735 496 2795 neque
520 2713 554 2775 in
577 2713 809 2797 significatione
833 2713 889 2776 illa
912 2736 970 2777 vox
993 2713 1168 2796 quidquam
1186 2713 1285 2775 offen-

110 2805 208 2883 sionis
232 2820 360 2883 habeat.
407 2819 576 2903 Significat
598 2820 631 2883 id
655 2821 794 2903 quidem,
819 2821 901 2903 quod
925 2821 1053 2883 foedum
1077 2823 1134 2897 est,
1159 2820 1287 2904 quodsi

114 2927 184 3009 quis
208 2949 277 2990 rem
299 2927 425 2990 foedam
454 2930 486 2989 et
508 2929 635 2990 taetram
659 2931 778 3003 narrat,
804 2927 834 2990 ei
858 2928 956 2990 etiam
979 2928 1096 3004 verbis,
1121 2949 1192 3010 quae
1216 2949 1287 2990 eam

112 3037 224 3096 sonent
260 3034 500 3116 ostendantque,
536 3056 613 3116 opus
648 3036 706 3097 est.
753 3033 831 3109 Quae
860 3055 958 3116 quum
980 3034 1027 3097 ita
1050 3033 1124 3111 sint,
1148 3055 1287 3116 quanam
1380 3066 1383 3072 ·

112 3141 242 3203 tandem
277 3141 412 3204 ratione
434 3141 643 3224 improbanda
678 3139 810 3223 odioque
844 3141 1065 3224 persequenda
1094 3144 1141 3203 est
1165 3161 1222 3204 vox
1246 3141 1286 3203 ab
1360 3208 1368 3219 ,

112 3245 246 3310 Horatio
269 3269 353 3330 saepe
377 3247 410 3310 in
434 3247 540 3310 satiris
557 3251 652 3330 atque
668 3251 825 3330 praeterea
842 3251 874 3311 et
889 3248 922 3309 in
938 3248 1040 3311 soluta
1057 3251 1088 3311 et
1104 3248 1137 3310 in
1154 3247 1285 3310 astricta

113 3354 256 3417 oratione
292 3359 323 3417 et
357 3378 376 3417 a
411 3354 639 3418 recentioribus
676 3358 707 3417 et
743 3355 782 3417 ab
807 3354 1040 3438 antiquioribus
1065 3358 1097 3417 et
1121 3377 1139 3417 a
1162 3353 1286 3418 Catullo
1373 3430 1384 3443 .

113 3464 145 3522 et
180 3483 199 3522 a
233 3459 353 3524 Seneca
379 3465 410 3524 et
434 3485 452 3524 a
476 3459 621 3544 Vergilio
647 3465 678 3524 et
702 3485 720 3524 a
744 3461 894 3525 Cicerone
919 3465 1091 3544 usurpata?
1127 3461 1287 3544 Equidem

112 3566 241 3630 Kellero
278 3568 431 3632 assentior
459 3568 492 3630 in
516 3568 643 3651 Epileg.
668 3567 693 3631 l:
719 3570 782 3630 227
807 3568 876 3631 haec
901 3568 1033 3632 dicenti:
1059 3567 1140 3630 Eine
1164 3567 1287 3646 Kritik,

111 3673 230 3737 welche
265 3675 316 3737 ein
352 3674 526 3737 tisthetisch
555 3674 680 3738 absolut
707 3675 924 3739 indifferentes
953 3674 1047 3738 Wort
1070 3675 1126 3738 wie
1150 3678 1217 3738 eius
1240 3674 1289 3738 als

111 3780 285 3863 angeblich
309 3781 453 3864 poetisch
476 3781 661 3865 nnmdglich
685 3782 833 3867 verfolgt,
858 3783 900 3845 ist
923 3783 985 3844 mir
1008 3782 1251 3866 unbegreiflich.

225 4027 242 4089 ¹)
261 4037 351 4082 Waltz.
371 4038 423 4082 Des
442 4038 596 4091 variatione,
616 4039 663 4083 cet.
683 4051 741 4096 pag.
765 4039 823 4084 181.

224 4115 242 4179 3)
263 4126 355 4183 Unger,
374 4126 480 4172 Emend.
499 4127 560 4172 Hor.
580 4127 623 4172 5⁷1.
