2766 4590
547 39 774 146 226-

103 253 270 332 indicaret,
305 278 404 319 unum
432 256 533 321 solum
557 280 684 322 carmen
707 259 753 322 nil
777 259 913 343 amplius
936 265 1047 325 restat.
1094 260 1145 326 Ita
1167 283 1270 327 secum

58 452 62 459 ¹
102 359 172 443 ipse
196 366 331 447 pugnat,
356 363 481 447 sibique
504 387 617 446 parum
641 370 773 444 constat,
797 389 901 450 neque
924 371 1033 432 tamen
1057 369 1088 433 ei
1103 369 1166 433 ullo
1182 370 1267 434 modo

21 531 24 539 ,
102 468 271 533 molestum
295 474 353 534 est.

639 1081 733 1180 XI.

209 1325 313 1389 Multa
336 1326 370 1388 in
393 1326 453 1390 hoc
477 1327 616 1390 carmine
640 1349 702 1390 non
724 1327 815 1392 modo
839 1328 1075 1411 hypercritiois,
1100 1331 1154 1394 sed
1179 1331 1271 1394 etiam

101 1432 174 1496 aliis
197 1432 290 1496 valde
314 1433 555 1516 displicuerunt.
601 1431 648 1496 Ut
670 1433 706 1497 L.
731 1433 868 1498 Mueller
892 1439 990 1519 optat.
1014 1458 1054 1499 ne
1080 1458 1212 1501 carmen
1234 1438 1273 1501 sit

103 1539 219 1603 Horati
237 1539 272 1621 1).
319 1539 392 1603 Mox
415 1544 523 1603 tamen
547 1539 636 1602 addit
659 1562 692 1603 se
715 1563 778 1604 non
797 1563 889 1625 posse
906 1543 1034 1606 credere
1051 1547 1118 1606 tota
1134 1545 1273 1608 carmina

103 1645 213 1729 spuria
236 1646 269 1708 in
293 1646 413 1729 scripta
436 1646 552 1710 Horati
574 1645 750 1729 irrepsisse.
797 1647 830 1711 N
832 1648 899 1712 obis
916 1649 955 1712 de
972 1650 1112 1713 camnine
1129 1651 1272 1715 iudican-

99 1753 187 1817 tibus
222 1754 396 1818 cavendum
432 1757 489 1830 est,
524 1774 564 1816 ne
588 1754 628 1816 ad
653 1753 754 1816 nostri
777 1754 929 1837 temporis
951 1777 1094 1820 normam
1117 1756 1271 1822 iudicium

101 1864 245 1924 nostrum
269 1860 456 1944 dirigamus.
492 1859 591 1924 Suum
615 1860 729 1942 cuique
746 1861 835 1923 aetati
851 1861 992 1925 studium
1009 1866 1041 1926 et
1056 1863 1204 1928 voluntas
1218 1869 1275 1942 est,

102 1989 182 2050 quas
194 1990 244 2031 res
257 1967 387 2043 mutari,
401 1966 472 2048 quis
482 1988 544 2029 non
554 1966 662 2030 videt?
679 1965 725 2030 Ut
735 1967 914 2050 exemplum
924 1969 1091 2052 antiquum
1102 1993 1274 2047 sumamus,

102 2073 230 2158 Vergili
264 2073 383 2137 Aeneis
418 2073 473 2135 diu
507 2072 644 2136 Homero
679 2073 778 2138 multo
815 2074 916 2157 pluris
941 2077 1136 2140 aestimatum
1159 2084 1220 2155 est,
1243 2080 1275 2143 id

101 2182 186 2264 quod
219 2181 310 2244 nobis
344 2181 461 2243 mirum
494 2180 630 2257 videtur,
666 2181 784 2264 diuque
816 2181 996 2246 hominibus
1024 2184 1153 2267 penitus
1178 2184 1276 2250 insita

101 2289 207 2372 opinio
230 2288 293 2351 fuit
315 2287 485 2351 Horatium
509 2287 663 2370 optimum
686 2287 784 2351 fuisse
808 2288 841 2351 in
866 2289 932 2352 odis
944 2289 1083 2372 politicis
1101 2296 1133 2354 et
1149 2292 1275 2368 ethicis,

100 2418 297 2479 quamquam
330 2395 501 2477 unicuique
536 2393 651 2457 Horati
685 2393 804 2477 scripta
829 2399 950 2459 attente
973 2396 1094 2480 legenti
1119 2421 1276 2482 apparere

100 2503 198 2566 debet
231 2501 346 2565 Horati
380 2524 504 2565 mnsam
538 2501 794 2564 venustissimam
829 2524 908 2575 esse,
943 2524 1042 2585 quum
1070 2508 1125 2566 ant
1148 2509 1219 2569 tota
1242 2507 1276 2568 in

100 2609 169 2674 ioco
193 2612 346 2685 versetur,
372 2613 427 2671 aut
449 2607 555 2670 media
578 2607 662 2671 inter
689 2608 773 2670 seria
797 2611 829 2671 et
852 2609 920 2672 ioca
943 2609 1055 2673 volitet
1078 2610 1196 2675 leviter
1212 2613 1277 2676 iam

102 2716 173 2780 haec
207 2716 272 2778 iam
306 2715 362 2778 illa
386 2715 558 2797 attingens.
605 2712 760 2777 Voluntas
785 2718 817 2778 et
840 2716 981 2779 studium
1004 2715 1147 2800 Augusti
1171 2720 1277 2783 aetatis

100 2827 268 2907 poetarum
301 2822 528 2904 hominumque
563 2844 671 2885 eorum
705 2826 853 2905 poemata
875 2826 945 2885 tum
967 2822 1145 2907 legentium
1167 2847 1286 2896 secum,

100 2929 259 3006 ferebant,
294 2932 331 2992 ut
365 2928 559 2992 carminibus
582 2950 733 3013 magnam
756 2929 941 2993 historicam
970 2933 1002 2997 et
1025 2931 1278 3016 mythologicam

100 3036 278 3099 doctrinam
313 3035 537 3112 immiscerent,
574 3058 644 3118 quae
680 3058 752 3099 cum
785 3036 853 3119 ipso
890 3041 1077 3121 argumento
1112 3037 1277 3103 laxissime

100 3143 286 3206 cohaereret.
334 3142 403 3217 Qua
437 3143 471 3204 in
506 3164 540 3205 re
563 3141 796 3206 Alexandrinos
819 3143 938 3206 imitati
962 3147 1045 3221 sunt,
1082 3145 1279 3226 quibuscum

99 3249 130 3312 si
165 3249 335 3314 contuleris
370 3249 548 3325 Horatium,
584 3249 618 3311 in
642 3249 795 3312 eiusmodi
818 3271 948 3332 poeseos
972 3250 1155 3333 quisquiliis
1179 3273 1277 3314 usur-

100 3356 216 3439 pandis
239 3378 354 3440 parcns
377 3355 475 3419 fuisse
498 3355 669 3419 videbitur.
705 3354 818 3437 Neque
842 3359 952 3420 tamen
968 3356 1018 3419 sui
1033 3358 1187 3440 temporis
1208 3359 1277 3441 opi-

99 3463 229 3527 nionem
263 3485 391 3547 prorsus
418 3484 568 3546 spernere
591 3462 705 3545 potuit,
731 3462 782 3526 cui
805 3462 864 3525 hoc
888 3485 1015 3527 carmen
1039 3463 1204 3528 devovisse
1228 3465 1277 3529 vi-

36 3582 40 3589 ’
101 3570 205 3646 detur,
240 3570 374 3652 fierique
401 3572 516 3652 potest,
552 3572 587 3631 ut
610 3568 725 3631 Horati
749 3569 888 3652 aequales
914 3570 1006 3633 odam
1029 3570 1113 3633 inter
1139 3571 1278 3654 optimas

99 3677 349 3753 numeraverint,
385 3697 578 3759 quamquam
612 3697 668 3738 nos
702 3675 797 3760 longe
832 3675 927 3739 aliter
949 3676 1137 3741 indicamus.
1173 3678 1278 3743 ,Adeo

99 3783 269 3846 sententiae
294 3787 325 3846 et
348 3783 454 3846 studia
476 3782 640 3845 hominum
664 3781 790 3846 diversa
813 3787 896 3846 sunt.

214 4031 231 4094 1)
251 4040 302 4086 Lit.
321 4040 382 4086 hist.
401 4040 487 4098 Biogr.
507 4053 565 4099 pag.
588 4040 646 4086 126.
