2766 4590
604 207 778 271 ,67-

104 385 276 469 effringere
312 389 452 463 conatur,
488 386 515 448 is
549 386 655 450 nescio
692 408 730 448 an
755 408 818 449 non
842 385 967 450 dubitet
991 408 1067 450 arcu
1090 386 1228 450 invisum
1252 391 1285 451 et

103 492 251 556 timidum
286 493 455 557 ianitorem
490 493 661 571 deterrere,
696 515 736 556 ne
772 493 813 556 sit
854 493 1091 576 impedimento.
1162 493 1282 569 Quam-

104 600 210 663 obrem
244 599 335 662 nulla
370 604 418 663 est
452 623 557 676 causa,
594 623 651 664 cur
679 600 819 663 omnium
843 600 984 664 codicum
1021 605 1053 664 et
1091 600 1283 664 scholiarum

104 706 276 770 lectionem
298 716 467 783 mutemuS,
496 708 613 771 nedum
637 707 801 791 stropham
824 707 966 790 spuriam
989 707 1174 772 habeamus,

208 814 369 896 Equidem
392 814 498 878 facere
522 836 584 877 non
605 836 743 898 possum,
768 814 845 898 quin
863 815 1105 898 explicationem
1122 815 1281 898 quandam

101 920 194 984 huius
220 921 372 985 carminis
396 921 593 1006 impugnem,
618 944 689 1004 quae
713 921 740 984 si
764 944 840 985 vera
864 925 956 999 esset,
981 922 1206 1005 hypercriticis
1229 922 1281 984 fu-

101 1028 179 1092 turis
213 1050 325 1091 ansam
356 1029 396 1091 ad
419 1028 716 1112 reprehendendum
740 1028 909 1092 Horatium
933 1030 1103 1112 praeberet.
1151 1028 1282 1092 Carolus

102 1132 262 1198 Frankius
297 1135 331 1198 in
365 1135 467 1219 primo
502 1158 596 1200 versu
630 1159 687 1219 pro
716 1137 834 1219 puellis
869 1136 1004 1200 coniecit
1039 1128 1162 1233 olooeffls,
1199 1136 1282 1219 quod

102 1242 210 1305 multis
235 1242 411 1305 editoribus
435 1243 553 1319 arrisit,
578 1242 663 1306 inter
685 1265 763 1326 quos
787 1248 861 1306 sunt
877 1243 1057 1306 Meinekius
1074 1247 1106 1306 et
1122 1243 1159 1306 L.
1177 1242 1282 1305 Muel-

103 1347 157 1412 ler.
218 1348 283 1413 Hic
317 1350 363 1412 ita
398 1350 627 1433 interpretatus
663 1354 720 1425 est,
758 1350 849 1433 quasi
884 1351 997 1413 clitellis
1028 1373 1137 1413 verum
1162 1349 1283 1413 bellum

104 1456 312 1540 significaret,
352 1456 473 1520 bellum
507 1457 630 1521 scilicet
665 1457 769 1534 civile,
806 1458 857 1520 cui
892 1456 1045 1520 Horatius
1080 1456 1280 1520 interfuerat.

103 1561 374 1627 Prudentissimus
399 1569 506 1627 autem
530 1565 664 1647 quisque
688 1564 859 1648 intellegit,
886 1586 981 1647 quam
998 1564 1040 1627 sit
1056 1564 1134 1627 aleae
1150 1562 1282 1647 plenum

103 1669 166 1733 sola
191 1671 339 1753 quamvis
364 1671 505 1755 eleganti
523 1671 705 1735 coniectura
720 1672 828 1734 nixum
844 1670 1030 1755 refragante
1047 1671 1158 1753 quovis
1175 1670 1282 1734 codice

105 1777 237 1840 carmini
264 1800 393 1860 prorsus
423 1778 509 1841 aliud
534 1782 759 1862 argumentum
783 1778 938 1855 subicere,
964 1800 1060 1861 quam
1084 1778 1167 1860 quod
1192 1777 1281 1840 codd.

104 1884 193 1947 nobis
222 1884 400 1966 praebeant,
433 1907 511 1968 quos
540 1886 567 1947 si
591 1885 764 1968 sequimur,
788 1885 859 1948 fieri
882 1907 944 1947 non
968 1888 1082 1967 potest,
1108 1884 1185 1967 quin
1210 1906 1282 1947 cum

103 1988 323 2074 Porphyrione
351 1992 441 2055 nobis
466 1992 686 2076 explicandum
711 1993 767 2055 sit:
798 1991 886 2070 ,Hac
912 1993 967 2055 ode
991 1992 1118 2055 videtur
1141 1991 1206 2053 iam
1229 2013 1281 2053 re·

107 2098 255 2161 nuntiare
291 2098 485 2163 carminibus
521 2104 553 2162 et
587 2098 690 2183 lyram
726 2122 909 2164 consecrare
945 2103 977 2163 et
1004 2120 1112 2162 (tartare
1134 2098 1281 2161 destitere.

103 2203 301 2289 Allegoricos
324 2204 474 2269 militiam
494 2230 636 2277 amorem
659 2210 780 2270 vocat.“
823 2207 861 2270 L.
886 2205 1022 2270 Mueller
1047 2208 1165 2279 contra,
1194 2203 1281 2282 ,Ho-

104 2311 234 2387 ratiuS,“
263 2311 377 2394 inquit,
408 2313 526 2390 ,fessus
550 2313 615 2376 iam
638 2313 721 2377 bello
747 2317 850 2376 totum
873 2334 906 2375 se
931 2312 1030 2374 amori
1055 2311 1131 2373 dare
1160 2312 1280 2394 cupit“.

105 2416 201 2481 Codd.
220 2418 248 2480 si
272 2419 444 2501 sequimur,
469 2419 622 2483 Horatius
645 2424 796 2503 provecta
820 2423 915 2483 aetate
939 2440 1067 2482 carmen
1091 2417 1229 2500 scripsit,
1254 2418 1282 2480 si

104 2522 259 2588 Muellero
283 2548 442 2609 paremus,
468 2549 595 2589 carmen
618 2527 652 2588 in
675 2526 788 2609 primis
812 2527 852 2589 ab
870 2547 905 2588 eo
922 2525 1050 2607 scriptis
1067 2545 1280 2600 numeremus,

103 2652 232 2696 necesse
257 2635 305 2695 est
329 2631 468 2716 (nuper).
516 2632 641 2696 Deinde
670 2634 778 2710 verba,
804 2655 874 2716 quae
898 2635 972 2695 sunt
989 2632 1122 2694 auditori
1138 2652 1200 2693 aon
1216 2632 1282 2692 sine

103 2738 205 2823 gloria
225 2738 249 2821 1)
284 2739 489 2803 iactationem
523 2741 609 2803 haud
644 2763 759 2824 parurn
782 2740 949 2823 resipiant.
996 2737 1078 2800 Turn
1100 2760 1174 2801 vero
1198 2736 1278 2799 illud

103 2845 288 2909 defunctum
320 2846 402 2910 bello
427 2848 574 2910 barbiton
599 2848 675 2931 quid
699 2847 762 2911 sibi
785 2846 873 2910 vult?
920 2845 957 2909 L.
982 2844 1119 2908 Mueller
1144 2843 1282 2926 explicat

102 2950 244 3015 barbiton
279 2975 341 3016 noo
376 2955 513 3037 arooplo'us
548 2953 626 3017 bellu-
661 2960 839 3016 cariturum.
887 2952 950 3016 Sed
982 2951 1038 3015 ubi
1072 2950 1187 3014 Horati
1210 2949 1281 3033 lyra

52 3054 54 3083 ³
101 3058 186 3122 bella
218 3059 354 3123 cecinit?
401 3059 495 3137 Quid,
519 3061 603 3143 quod
626 3059 780 3123 Horatius
804 3081 948 3145 persaepe
974 3058 1134 3122 confessus
1160 3060 1207 3119 est
1230 3056 1280 3138 ly-

52 3150 54 3185 ³
102 3186 170 3229 ram
198 3188 289 3229 suam
314 3168 353 3229 ad
376 3166 462 3230 bella
487 3168 628 3230 canenda
651 3167 782 3230 minime
806 3166 905 3229 fuisse
929 3169 1038 3248 aptam
1062 3163 1101 3243 (Ιι
1127 3166 1157 3241 6,
1182 3161 1224 3226 lI:
1251 3164 1280 3239 1,

52 3304 54 3311 ·
101 3269 142 3336 ll:
170 3274 223 3350 12,
248 3271 307 3336 III:
332 3275 363 3349 3,
388 3272 444 3337 IV:
470 3275 501 3351 2,
527 3274 617 3357 alibi)
635 3274 681 3356 2)Ρ
728 3273 852 3349 Quanto
878 3273 992 3336 melius
1010 3276 1058 3334 est
1075 3294 1147 3334 cum
1162 3269 1280 3351 Porph.

52 3428 54 3439 .
103 3380 278 3462 explicare:
315 3380 473 3464 siparificat
507 3402 627 3443 cruores
661 3402 732 3443 socos
762 3402 793 3444 se
817 3380 934 3442 barbito
957 3380 1101 3441 ceciootsse
1125 3380 1156 3440 et
1179 3379 1282 3438 totum

104 3508 231 3550 carmen
271 3487 493 3571 ,allegoricos“
533 3487 721 3572 intellegere
751 3485 857 3567 (Ovid.
889 3485 962 3549 Am.
996 3487 1025 3561 1,
1052 3486 1081 3560 9,
1109 3484 1136 3546 l:
1162 3480 1283 3545 militat

62 3640 65 3647 -
104 3594 203 3656 omnis
236 3616 355 3667 amana,
392 3597 423 3657 et
451 3593 550 3657 habet
584 3616 641 3657 sua
671 3597 774 3658 castra
799 3592 940 3676 cupido)!
988 3590 1036 3654 Ac
1061 3590 1087 3653 si
1111 3588 1281 3653 lectionem

108 3770 257 3780 —-.-—--.-
264 3773 375 3778 ψ...-

214 3876 231 3938 1)
251 3884 362 3930 fortasse
384 3886 488 3941 „relicta
506 3899 557 3930 non
575 3886 640 3931 bene
658 3885 801 3944 parmula„

213 3963 232 4027 ⁹)
251 3973 375 4020 Horatius
393 3974 442 4020 hoc
461 3975 571 4020 carmine
590 3987 701 4032 graecum
720 3973 830 4032 aliquem
849 3973 952 4031 poetam
965 3972 1081 4016 imitatus
1095 3981 1152 4014 esse
1165 3966 1275 4020 videtur,

105 4073 126 4109 e.
136 4076 159 4120 g.
189 4062 309 4108 Alcaeum.
346 4064 394 4108 Hic
413 4066 499 4109 autern
517 4064 573 4109 iuro
593 4064 676 4109 dicere
694 4064 781 4122 potuit
799 4062 919 4107 barbiton
938 4074 995 4106 esse
1014 4059 1089 4105 bellis
1109 4055 1176 4114 (vere
1195 4055 1278 4113 gentle

106 4147 234 4205 canendis)
255 4151 412 4207 defunctum,
448 4153 572 4198 Horatius
590 4165 641 4197 non
659 4151 703 4197 ita.
