2766 4590
591 176 765 238 „13-

101 357 203 418 damno
227 355 440 418 afficerentur.
481 353 725 436 Excipientibus
741 353 832 416 nobis
850 375 897 429 ea,
922 375 994 435 quae
1010 350 1143 428 Peerlc.‚
1161 351 1264 416 Lehr-

102 462 166 539 sius,
201 460 328 525 Aeaeus
353 461 549 537 deleverunt,
586 461 668 523 eso
693 460 831 543 strophis
857 460 897 551 13
921 463 1055 523 servatae
1079 458 1266 541 relinquun-
1341 508 1345 517 ,

103 573 154 631 tur.
198 567 237 631 ln
265 568 377 651 primis
402 571 509 630 autem
533 570 683 650 quattuor
707 567 911 643 carminibus,
940 570 1110 649 postquam
1132 565 1265 643 Peerlo.‚

105 675 204 752 Minos,
240 674 377 751 Aeaeus,
413 674 576 750 LehrsiuS‚
612 673 769 750 PrieniuS,
806 673 978 736 excisiones
1013 695 1087 736 suns
1110 673 1265 750 fecerunt,

64 858 66 901 Ι
108 783 175 845 e58
199 781 339 865 strophis
362 786 428 844 tres
452 781 526 845 solae
550 784 682 858 restant,
708 803 779 863 quae
803 784 877 843 sunt
899 780 964 844 hse:

110 975 145 1019 lll:
164 976 184 1029 1,
205 975 300 1020 9—12.
350 974 397 1020 Est
416 976 446 1018 ut
464 974 520 1018 viro
538 974 577 1018 vir
596 972 675 1018 latius
694 972 794 1018 ordinet

350 1063 463 1108 Arbusts
482 1062 569 1116 sulcis,
589 1063 630 1107 hio
649 1063 796 1120 generosior

351 1150 495 1197 Descendat
514 1151 540 1196 in
559 1164 677 1209 eampum
695 1152 799 1209 petitor,

352 1240 469 1286 Moribus
487 1240 529 1286 hio
547 1240 689 1298 meliorque
707 1240 775 1285 fama

114 1418 149 1464 III:
168 1421 187 1475 1,
209 1421 321 1466 13---16.
354 1417 506 1468 contendat,
525 1418 562 1463 illi
581 1417 658 1464 turba
676 1418 806 1463 clientium

64 1530 68 1563 f
352 1508 389 1553 Sit
408 1504 501 1553 maior:
522 1495 594 1566 atqua
612 1507 668 1565 lege
686 1508 833 1553 Necessitas

64 1570 67 1663 t
353 1597 464 1643 Sortitur
482 1596 596 1654 insignes
615 1598 641 1641 et
660 1597 738 1651 imos;

64 1728 68 1749 =.
358 1686 437 1732 Omne
457 1697 537 1745 capax
555 1687 640 1730 movet
660 1698 724 1730 urna
742 1698 842 1731 nomen.

64 1756 67 1787 r

64 1834 66 1847 '
115 1835 150 1882 Hl:
167 1839 188 1893 2,
208 1839 250 1892 21,
271 1838 312 1883 22.
350 1838 447 1893 Virtus,
468 1835 603 1882 recludens
623 1837 759 1882 immeritis
779 1838 844 1882 mori

64 1896 67 1969 i
355 1926 457 1981 Culum,
477 1928 568 1984 negata
588 1928 697 1985 temptat
716 1927 831 1981 iteruin,

64 2064 66 2069 ,
115 2013 151 2059 ΠΙ;
168 2017 189 2071 3,
210 2017 232 2071 5,
254 2017 277 2060 6.
359 2015 384 2060 Si
403 2014 499 2060 fractus
519 2015 639 2061 illabatur
659 2016 737 2071 orbis,

356 2104 516 2164 Impavidum
534 2105 627 2150 ferient
646 2105 723 2150 ruine
742 2096 768 2159 ¹).

205 2284 404 2348 Crediderim
427 2283 657 2367 hypercritieos
681 2285 734 2349 hic
759 2286 843 2348 omni
866 2285 928 2349 fide
953 2286 1037 2369 ipsos
1061 2309 1094 2349 se
1118 2287 1271 2369 privasse.

117 2386 216 2454 Contra
252 2390 432 2474 Gruppium
465 2391 579 2454 saltem
607 2396 640 2455 et
667 2390 830 2455 Prienium
855 2392 1024 2456 defendere
1047 2392 1218 2456 Horatium
1242 2398 1274 2459 et

116 2502 488 2578 supervacaneum-esset,
519 2520 622 2581 neque
645 2498 749 2582 magis
772 2499 946 2581 prodesset,
976 2521 1071 2582 qusm
1095 2499 1122 2563 si
1146 2501 1217 2583 quis
1240 2501 1274 2566 in

119 2623 188 2684 aqua
210 2605 419 2667 fundamenta
441 2626 559 2688 ponere
583 2605 647 2669 vell
666 2609 689 2668 t.

206 2817 268 2882 Vv.
292 2816 351 2881 HI:
378 2819 408 2896 1,
432 2820 564 2881 33-40
587 2823 706 2902 praeter
733 2818 933 2896 Peerlotium
962 2819 1151 2903 (truppium,
1182 2819 1273 2884 Prie-

117 2922 201 3001 nium,
237 2925 414 2987 Linkerum
442 2925 623 2988 Meinehius
647 2948 772 3009 quoque
796 2927 928 3009 respuit.
976 2926 1117 3001 Quarum
1142 2927 1276 2990 duarum

116 3030 305 3114 stropharum
340 3054 403 3094 una
439 3031 502 3113 (vv.
540 3033 685 3115 37-40)
721 3033 789 3096 sine
818 3033 912 3097 dubio
941 3037 1068 3096 servata
1092 3038 1184 3109 esset,
1213 3032 1276 3098 nisi

117 3135 295 3201 oohaerentia
320 3138 506 3202 obstitisset.
552 3139 674 3203 Peerle.
700 3140 861 3204 confessus
886 3144 934 3202 est
956 3140 1013 3202 hos
1037 3162 1145 3203 versus
1171 3144 1202 3202 et
1225 3162 1275 3202 so-

115 3260 194 3338 noros
222 3267 290 3308 esse
321 3249 352 3307 et
382 3245 545 3330 elegantes
576 3250 608 3309 et
630 3250 788 3310 venustos.
835 3245 897 3310 Sed
921 3246 1072 3324 cumeis,
1097 3269 1168 3329 quae
1191 3268 1275 3328 prse-

117 3351 230 3428 oedunt
254 3353 301 3414 ita
325 3352 494 3430 cohaerent,
520 3358 556 3417 ut
578 3376 641 3415 uns
665 3376 737 3417 eum
761 3353 805 3416 eis
830 3353 954 3430 cadant,
979 3375 1107 3416 neeesse
1123 3353 1174 3415 sit.
1210 3351 1276 3415 Re-

116 3462 218 3520 vooant
240 3459 275 3521 hi
299 3481 409 3522 versus
432 3482 582 3523 versuum
604 3457 646 3523 ss:
674 3461 725 3535 16,
750 3460 790 3521 21
816 3482 885 3542 sqq.
910 3460 1104 3535 memoriam,
1129 3460 1185 3522 sed
1210 3459 1276 3523 eius

116 3561 155 3624 rei
186 3565 346 3647 permulta
380 3571 453 3629 sunt
489 3567 573 3650 opud
607 3565 777 3630 Horatium
813 3566 955 3649 exempla
971 3566 1008 3647 2).
1065 3564 1294 3630 Offenduntur

116 3671 213 3732 autem
247 3671 402 3756 philologi
437 3672 501 3735 iam
529 3673 683 3736 nominati
710 3672 826 3749 verbis,
858 3695 928 3755 quse
952 3676 1025 3735 sunt
1048 3680 1207 3735 contracto
1224 3674 1276 3754 pi·

118 3826 238 3838 ———-...

184 3915 200 3979 ¹)
227 3925 287 3971 Hoee
316 3927 367 3973 duo
395 3940 516 3974 versuum
543 3930 615 3988 paria
639 3932 664 3975 et
683 3931 766 3976 Minos
786 3932 811 3975 et
830 3931 928 3975 Aeaeus
948 3930 980 3975 nd
1000 3930 1132 3988 stropham
1151 3928 1275 3986 complen-

116 4020 168 4064 dam
186 4017 348 4073 componunt.

184 4109 202 4173 2)
220 4103 285 4166 vide
305 4104 336 4150 de
354 4105 402 4150 hae
420 4120 447 4151 re
467 4108 574 4153 reuffeli
593 4108 712 4155 libellum
729 4109 828 4165 „Ueber
846 4103 956 4154 Horaz“.
1229 4140 1342 4288 r
