2766 4590
586 198 760 261 ..41-

112 378 249 464 perhorrui
273 376 431 460 superbus
454 376 534 439 fieri.
582 375 627 438 At
650 396 714 458 qua
737 396 771 437 re
795 373 972 456 superbus?
1011 370 1142 435 Divitiis
1160 371 1262 434 aiunt.

112 485 162 550 Non
186 484 368 568 arrogantia
395 487 462 546 tam
485 485 643 566 perpetuo
667 485 715 544 est
739 480 924 544 divitiarum
949 500 1062 550 comes,
1087 483 1123 541 ut
1146 478 1262 542 tollere

111 594 235 657 vorticem
258 595 290 655 et
315 613 383 655 esse
408 590 541 653 divitem
564 590 649 652 idem
673 588 862 672 significet.“
912 586 1013 650 ltecte
1038 586 1098 650 hoc
1118 585 1259 668 quidem.

110 698 153 763 Sed
182 700 218 762 de
248 698 441 783 arrogantia,
477 697 600 759 utiam
631 696 778 771 vidimus,
807 693 885 759 Hor.
910 716 949 757 ne
974 694 1107 757 verbum
1131 693 1262 776 quidem

110 806 175 869 dixit.

179 913 300 983 „Verba
324 935 395 996 quae
419 915 493 974 sunt
516 911 550 973 in
573 914 629 972 str.
657 911 707 972 lo:
739 916 895 972 contracto
918 909 1028 971 brolios
1047 928 1151 990 paroc
1174 908 1261 989 cupi·

109 1020 160 1083 diro
189 1020 353 1103 oreciirpolr'a
383 1021 548 1102 prorrr'prror
584 1017 775 1099 interpretes
805 1016 927 1078 duobus
956 1014 1057 1078 modis
1082 1013 1260 1097 explicave-

109 1132 170 1190 runt.
215 1127 283 1190 Alii
309 1126 393 1189 enim
418 1126 552 1189 credunt
576 1124 758 1207 significare
782 1123 867 1186 idem
891 1123 975 1205 quod
998 1124 1123 1185 ruinoro
1144 1121 1263 1184 orooro

106 1235 265 1316 proriam,
302 1233 357 1296 alii
393 1234 512 1296 role'too
546 1253 627 1294 orrooa
662 1231 833 1293 cateridem.
890 1228 985 1292 Illam
1019 1227 1263 1312 explicationem

107 1343 317 1423 proposuerunt
344 1338 461 1422 Porph.
487 1337 570 1418 (‚,rei
594 1338 731 1421 publicae
756 1341 863 1400 autem
885 1337 1006 1400 reditus
1023 1336 1172 1399 dicuntur
1187 1357 1262 1398 vec·

108 1447 245 1531 tigulia“l‚
271 1447 354 1511 Acro
378 1445 534 1529 („parvus
560 1467 720 1528 possessor
743 1444 866 1507 minora
891 1443 1069 1526 persolvam
1093 1441 1251 1522 tributa“)

108 1551 323 1618 Commentator
358 1553 488 1636 Cruqui‚
524 1551 703 1627 Dacierius
739 1550 934 1626 Sanadonua
970 1553 1095 1613 veteres
1127 1547 1265 1631 denique

80 1648 279 1744 'interpretes
304 1664 336 1724 et
359 1660 588 1724 recentioribus
613 1659 810 1741 temporibus
826 1657 942 1733 urerer,
967 1656 1139 1733 Duentzer‚
1156 1654 1263 1719 Stam-

108 1766 227 1852 bergim,
253 1769 281 1831 si
305 1768 377 1851 quis
407 1767 498 1830 alius.
545 1765 639 1830 Hanc
663 1764 896 1848 interpretandi
919 1765 1076 1827 rationem
1101 1762 1264 1846 amplexus

83 1865 158 1938 'esse
189 1876 317 1939 videtur
334 1874 418 1938 'Gru
447 1874 516 1957 ipse
546 1872 705 1954 („mi110ra
727 1871 901 1956 vectigalia
924 1871 1053 1934 invidiae
1077 1870 1182 1933 minus
1206 1871 1263 1932 ob-

107 1982 178 2044 noxia
201 2004 301 2064 eoque
325 1980 584 2063 tranquilliora“)
608 1984 640 2043 et
664 1979 833 2062 perpaucis
857 1983 997 2062 exceptis
1022 1999 1128 2041 omnes
1152 1998 1267 2040 recen·
1316 2014 1321 2028 ‚

108 2087 183 2152 tiores
219 2091 421 2171 acceperunt.
468 2086 589 2150 Peerlc.
626 2085 797 2149 obsoletam
827 2085 1080 2169 explanationem
1109 2083 1263 2166 sequitur,

73 2256 76 2269 ,
108 2196 177 2258 nodo
210 2199 247 2258 ut
283 2217 353 2258 eam
375 2194 504 2257 mulcet.
551 2193 774 2258 Recentiorem
797 2192 888 2255 illam
912 2217 930 2255 a
954 2196 1043 2255 recta
1066 2191 1176 2254 latinae
1200 2190 1263 2253 lin-

109 2319 164 2382 guae
187 2301 412 2366 consuetudine
437 2301 608 2365 abhorrere
632 2304 725 2384 putat
749 2298 937 2383 (vectigalia
953 2298 1118 2383 porrigere
1137 2325 1160 2348 =
1178 2298 1266 2360 redi-

108 2407 146 2469 tus
179 2408 372 2490 extendere).
431 2407 495 2471 cfr.
531 2411 639 2471 tamen
678 2406 744 2470 sao.
779 2405 821 2469 ll:
847 2408 877 2482 2,
904 2406 983 2469 100:
1012 2405 1080 2489 Epo
1105 2404 1266 2487 rectiporlio

108 2532 203 2598 roopua
227 2516 412 2599 divitiasque
435 2514 527 2577 irrideo
552 2519 583 2578 et
606 2515 739 2577 stoicam
760 2514 951 2577 sententiam
973 2531 1121 2595 roopmuu
1137 2511 1267 2594 certipol

104 2625 293 2699 parsimonia.
318 2621 428 2685 Senec.
447 2622 530 2705 Epp.
549 2623 600 2684 89:
626 2642 782 2705 (puorosque
803 2620 881 2702 flues
900 2621 1130 2704 possessionum
1147 2638 1266 2701 propo-

106 2727 224 2806 pobitr's?
275 2728 438 2812 Quousque
472 2730 630 2791 orodonas
664 2735 781 2790 cestros
804 2727 998 2811 porrigetis?
1025 2755 1049 2777 =
1079 2724 1265 2788 extendetis

108 2827 214 2898 Deinde
249 2838 343 2918 putat
377 2833 413 2897 P.
447 2835 506 2898 hoc
542 2858 609 2898 esse
633 2835 800 2898 sententiae
825 2834 1030 2898 contrarium.
1082 2831 1266 2910 „Professus

108 2939 176 3003 enim
204 2946 274 3005 erat
297 2965 331 3005 se
355 2942 432 3004 satis
455 2942 585 3005 habere.
632 2941 727 3005 Nunc
752 2946 859 3005 autem
882 2941 1004 3005 diceret
1027 2962 1060 3002 se
1084 2961 1152 3002 rem
1176 2961 1266 3000 suam

106 3047 285 3125 parsimonia
309 3070 437 3132 augere.
485 3047 554 3111 Hoc
579 3048 676 3111 etiam
700 3048 789 3112 avari
804 3048 937 3122 faciunt,
960 3046 1015 3129 qui
1032 3045 1174 3128 quaesitis
1190 3067 1266 3128 par·

56 3132 59 3229 l
107 3159 174 3216 ount
197 3158 229 3218 et
254 3155 425 3230 abstinent,
450 3159 486 3217 ut
510 3177 621 3218 acervo
645 3177 771 3238 semper
795 3154 916 3236 aliquid
941 3155 1092 3216 addant“.
1127 3151 1217 3227 Quod
1240 3151 1267 3213 si

56 3290 58 3299 ·
105 3254 182 3324 horno
217 3262 341 3325 sobrius
378 3265 409 3324 et
443 3285 541 3344 parvo
566 3266 732 3325 contentus
756 3262 825 3325 haec
855 3261 946 3325 dicit:
975 3259 1046 3322 nolo
1071 3259 1159 3322 dives
1184 3280 1270 3333 essep

106 3369 263 3432 contractis
295 3368 525 3451 cupiditatibus
549 3372 661 3432 tenues
690 3369 811 3431 reditus
840 3367 953 3431 melius
977 3367 1146 3441 sufficient,
1171 3387 1270 3447 quam

105 3471 126 3534 si
145 3475 244 3537 multa
267 3475 430 3551 haberem,
456 3475 548 3557 plura
572 3497 732 3558 cuperem,
758 3475 885 3538 cuinam
908 3496 1061 3556 umquam
1076 3473 1109 3534 in
1126 3474 1267 3535 mentem
1342 3453 1346 3460 ⁸

104 3581 180 3643 venit
215 3581 368 3644 eiusmodi
395 3581 556 3644 hominem
580 3605 711 3644 avarum
735 3581 918 3664 appellare?
963 3581 1077 3644 Nonne
1102 3579 1271 3662 apertissi-

103 3705 179 3750 mum
203 3692 251 3750 est
274 3686 367 3750 Pauu
389 3688 442 3751 hic
467 3689 633 3751 calumniis
657 3688 705 3750 uti
729 3688 795 3751 viro
820 3688 998 3751 doctissimo
1023 3687 1185 3771 indignis?

200 3793 315 3857 Lehrsi
350 3795 565 3857 dubitationes
600 3794 785 3858 Schuetzius
820 3795 915 3877 plane
950 3794 1113 3858 refutavit.
1160 3793 1267 3856 Pauca

102 3900 200 3964 tamen
236 3901 352 3963 addere
387 3900 472 3965 licet.
525 3901 690 3964 Sententia
718 3900 774 3963 illa
803 3909 918 3985 perorato
941 3903 1069 3986 prospare
1091 3900 1151 3963 sibi
1168 3901 1273 3983 priora.

101 4009 259 4090 separarit,
288 4007 326 4069 ob
354 4008 403 4071 dis
426 4010 526 4092 pluro
548 4009 627 4090 feret
650 4009 788 4071 absurda
812 4007 945 4071 Lehrsio
969 4009 1104 4072 videtur.
1152 4006 1268 4070 Forma

101 4113 223 4194 quidem
248 4114 386 4177 absurda
410 4119 467 4191 est,
492 4116 547 4178 sed
572 4139 609 4178 ea
633 4117 702 4178 erat
725 4137 776 4178 ars
799 4114 1069 4199 philosophorum,
1093 4137 1156 4197 qua
1171 4136 1267 4197 para-
