2766 4590
373 242 377 291 t
656 238 829 300 -68-

155 416 188 477 in
212 416 300 479 codd.
325 416 414 479 nobis
438 415 599 491 traditam,
626 416 751 498 puellis,
775 437 902 478 servare
926 414 1079 491 volumus,
1109 415 1207 478 verba
1215 415 1333 497 puellis

155 523 286 586 idoacas
309 545 370 584 non
394 523 498 606 magis
522 523 603 585 mira
627 527 710 599 sunt,
735 544 831 604 quam
855 544 926 604 quae
950 522 1059 584 insunt
1082 522 1119 583 in·
1137 520 1195 585 IV:
1224 523 1253 599 l,
1282 523 1331 586 12:

155 632 183 692 si
208 637 326 692 torrere
351 631 434 692 iecur
457 631 574 714 quiricis
598 630 750 692 idoneum.

263 735 386 812 Restat,
422 740 457 799 ut
493 736 634 799 dicamus
670 735 794 818 Gruppi
813 728 973 799 'Aeacum
1001 736 1103 818 primo
1127 739 1228 798 totam
1253 736 1335 799 oden

157 865 359 906 conservasse
378 843 414 923 ¹),
439 843 553 906 deinde
577 865 651 906 vero
674 842 852 905 mobilitate
876 842 1071 924 levitateque
1096 843 1194 904 animi
1211 842 1333 906 infero-

156 972 228 1012 rum
251 950 355 1013 iudice
379 950 512 1033 indigna
535 954 637 1012 totum
651 972 778 1013 carmen
792 950 907 1033 capitis
924 949 1134 1012 damnavisse.
1176 949 1333 1013 Lehrsius

157 1061 267 1119 contra
301 1061 404 1119 totum
439 1058 581 1120 codicum
616 1080 744 1121 carmen
768 1056 864 1120 nullis
889 1056 1078 1120 coniecturis
1103 1060 1134 1119 et
1163 1058 1335 1134 „emenda-

156 1163 313 1226 tionibus“
348 1164 550 1227 obscuratum
573 1164 700 1240 retinet,
733 1186 830 1246 quare
855 1165 895 1227 ab
919 1163 1049 1248 Ungero
1073 1164 1336 1246 reprehenditur,

157 1271 248 1333 nohis
273 1275 378 1333 autem
402 1271 506 1354 magis
531 1294 598 1334 esse
622 1272 758 1346 videtur,
784 1294 839 1335 cur
864 1272 892 1334 ei
917 1272 1038 1355 gratias
1064 1292 1208 1355 agamus.

629 1898 853 1997 XXVH.

267 2182 420 2254 Quaenam
454 2179 551 2241 fuerit
586 2178 730 2256 Galatea,
766 2179 882 2262 quidve
911 2201 983 2242 cum
1010 2178 1143 2242 Horatio
1169 2202 1336 2245 commune

159 2287 317 2362 habuerit,
353 2286 521 2362 nesciatur,
557 2307 751 2369 quamquam
785 2286 901 2348 multas
932 2276 976 2348 ¹de
1012 2308 1048 2348 ea
1077 2309 1111 2349 re
1136 2287 1336 2350 coniecturas

160 2393 244 2456 docti
279 2393 340 2456 viri
374 2394 586 2476 protulerunt.
633 2393 742 2456 Etiam
777 2415 838 2475 quo
867 2395 989 2476 spectet
1018 2415 1156 2470 carmen,
1181 2394 1280 2457 variis
1305 2398 1337 2457 et

160 2500 244 2562 inter
279 2522 347 2562 sese
376 2500 542 2563 contrariis
566 2501 742 2563 rationibus
767 2499 959 2582 explicatum
984 2503 1041 2562 est.
1088 2498 1170 2562 Sunt
1194 2501 1250 2583 qui
1274 2525 1336 2584 pu-

159 2610 239 2682 tent,
264 2606 434 2669 Horatium
458 2630 527 2670 eam
552 2609 592 2670 ab
616 2607 730 2670 itinere
755 2607 926 2684 dehortari,
952 2607 1007 2669 alii
1024 2607 1050 2688 2)
1075 2610 1194 2683 contra,
1208 2611 1338 2690 poetam

161 2714 190 2776 ei
213 2714 405 2796 persuadere
430 2714 575 2789 voluisse,
600 2719 635 2776 ut
647 2714 910 2796 proficisceretur.
959 2713 1161 2777 Hardovinus
1188 2714 1337 2797 opinatus

161 2823 209 2883 est
232 2824 358 2902 poetam
382 2821 541 2883 nohilitati
565 2819 801 2904 francogallicae
825 2820 1021 2898 dissuasisse,
1045 2843 1085 2882 ne
1112 2819 1241 2883 loannis
1262 2821 1337 2884 Bri-

162 2927 235 2989 enni
271 2927 462 3009 expeditioni
490 2928 522 2989 in
546 2926 751 2990 Palaestinam
775 2931 930 3010 susceptae
955 2927 1048 3007 (anno
1076 2928 1175 3009 1234)
1200 2927 1337 2991 interes-

160 3037 219 3096 set.
267 3033 335 3097 Hoc
372 3034 456 3096 enim
485 3057 611 3097 carmen
635 3033 685 3114 (ut
707 3034 832 3116 reliqua
855 3033 983 3116 Horati)
1008 3057 1026 3096 a
1049 3033 1213 3097 monachis
1237 3035 1337 3098 medii

161 3141 221 3204 aevi
247 3142 414 3204 confictum
440 3141 468 3203 ei
492 3141 627 3204 videtur.

269 3247 312 3324 si,
349 3249 425 3331 quid
449 3249 606 3311 senserint
630 3249 733 3312 critici
757 3250 795 3312 de
819 3249 968 3312 carminis
992 3248 1191 3332 integritate,
1218 3249 1337 3311 exami-

160 3378 238 3418 nare
273 3356 426 3431 volumus,
462 3356 514 3418 via
548 3355 687 3419 ineunda
722 3359 770 3418 est
805 3356 965 3419 difficilior
993 3378 1090 3438 quam
1113 3355 1175 3418 iter
1199 3355 1338 3438 Europae

162 3465 250 3524 trans
285 3486 373 3526 mare
408 3463 539 3526 factum.
586 3462 665 3526 Haec
702 3463 785 3525 enim
824 3468 933 3540 „nocte
968 3463 1122 3526 sublustri
1145 3454 1228 3524 nihil
1253 3467 1340 3526 astra

163 3573 281 3652 praeter
303 3571 383 3633 vidit
408 3575 439 3633 et
462 3571 591 3645 undas‚“
620 3593 675 3633 nos
700 3574 806 3632 autem
831 3574 900 3632 atra
923 3574 1014 3634 nocte
1037 3569 1119 3632 nihil
1143 3569 1205 3632 nisi
1223 3592 1339 3653 scopu·

163 3676 208 3739 los
244 3680 276 3739 et
310 3681 412 3758 syrtes
448 3677 604 3760 dispicere
636 3700 811 3760 possumus.
833 3693 837 3699 ·
859 3677 1011 3740 Lehrsius
1047 3699 1119 3740 cum
1153 3676 1340 3740 Hardovino

163 3787 264 3846 totam
288 3786 367 3847 oden
391 3785 518 3863 abiecit,
542 3783 663 3847 Peerlc.
688 3789 744 3847 str.
770 3785 800 3862 2,
826 3786 856 3861 3,
882 3786 911 3861 6,
938 3785 1045 3847 9-19
1071 3783 1199 3859 delevit,
1214 3782 1340 3867 Gruppi

163 3889 299 3968 Aeacus,
324 3891 416 3954 iudex
451 3915 605 3970 serverm,
634 3891 766 3955 Horatio
795 3892 899 3954 omnia
923 3891 1062 3973 exceptis
1086 3891 1226 3973 strophis
1251 3891 1282 3968 4,
1309 3893 1339 3970 5,

276 4085 292 4146 ¹)
312 4095 374 4151 Pag.
397 4096 445 4139 111
469 4095 529 4149 „Ich
548 4095 614 4139 kann
633 4095 688 4140 hier
707 4095 753 4141 das
773 4096 947 4140 conservative
965 4095 1105 4140 Verfahren
1123 4107 1172 4139 nur
1191 4089 1294 4140 loben“.

275 4172 292 4237 ⁹)
312 4186 341 4229 ut
360 4184 515 4238 Nitzschins,
536 4181 684 4230 Galianius..
