<?xml version="1.0" encoding="UTF-8"?>
<!DOCTYPE html PUBLIC "-//W3C//DTD XHTML 1.0 Transitional//EN"
    "http://www.w3.org/TR/xhtml1/DTD/xhtml1-transitional.dtd">
<html xmlns="http://www.w3.org/1999/xhtml" xml:lang="en" lang="en">
 <head>
  <title>
</title>
<meta http-equiv="Content-Type" content="text/html;charset=utf-8" />
  <meta name='ocr-system' content='tesseract 3.04.00' />
  <meta name='ocr-capabilities' content='ocr_page ocr_carea ocr_par ocr_line ocrx_word'/>
</head>
<body>
  <div class='ocr_page' id='page_1' title='image "./delocistertiiho00olssgoog_0069.png"; bbox 0 0 2766 4590; ppageno 0'>
   <div class='ocr_carea' id='block_1_1' title="bbox 666 185 840 247">
    <p class='ocr_par' dir='ltr' id='par_1_1' title="bbox 666 185 840 247">
     <span class='ocr_line' id='line_1_1' title="bbox 666 185 840 247; baseline -0.011 -18"><span class='ocrx_word' id='word_1_1' title='bbox 666 185 840 247; x_wconf 76' lang='grc'>..60-</span> 
     </span>
    </p>
   </div>
   <div class='ocr_carea' id='block_1_2' title="bbox 150 361 1348 3230">
    <p class='ocr_par' dir='ltr' id='par_1_2' title="bbox 150 361 1348 3230">
     <span class='ocr_line' id='line_1_2' title="bbox 165 361 1348 447; baseline -0.007 -18"><span class='ocrx_word' id='word_1_2' title='bbox 165 364 289 447; x_wconf 86' lang='lat' dir='ltr'>(bland.</span> <span class='ocrx_word' id='word_1_3' title='bbox 325 364 403 447; x_wconf 82' lang='lat' dir='ltr'>vet.)</span> <span class='ocrx_word' id='word_1_4' title='bbox 432 364 519 440; x_wconf 90' lang='lat' dir='ltr'>insit,</span> <span class='ocrx_word' id='word_1_5' title='bbox 556 383 602 427; x_wconf 88' lang='lat' dir='ltr'>ea·</span> <span class='ocrx_word' id='word_1_6' title='bbox 615 362 709 426; x_wconf 90' lang='lat' dir='ltr'>lectio</span> <span class='ocrx_word' id='word_1_7' title='bbox 735 385 753 424; x_wconf 87' lang='lat' dir='ltr'>a</span> <span class='ocrx_word' id='word_1_8' title='bbox 777 361 980 426; x_wconf 90' lang='lat' dir='ltr'>Lachmanno</span> <span class='ocrx_word' id='word_1_9' title='bbox 1006 364 1138 444; x_wconf 88' lang='lat' dir='ltr'>accepta</span> <span class='ocrx_word' id='word_1_10' title='bbox 1162 363 1221 437; x_wconf 88' lang='lat' dir='ltr'>est,</span> <span class='ocrx_word' id='word_1_11' title='bbox 1247 381 1348 442; x_wconf 90' lang='lat' dir='ltr'>quam</span> 
     </span>
     <span class='ocr_line' id='line_1_3' title="bbox 161 466 1347 556; baseline -0.005 -20"><span class='ocrx_word' id='word_1_12' title='bbox 161 479 197 536; x_wconf 90' lang='lat' dir='ltr'>ut</span> <span class='ocrx_word' id='word_1_13' title='bbox 229 473 284 549; x_wconf 91' lang='lat' dir='ltr'>eis,</span> <span class='ocrx_word' id='word_1_14' title='bbox 314 495 385 556; x_wconf 86' lang='lat' dir='ltr'>quae</span> <span class='ocrx_word' id='word_1_15' title='bbox 409 472 605 555; x_wconf 85' lang='lat' dir='ltr'>praecedunt.</span> <span class='ocrx_word' id='word_1_16' title='bbox 630 475 740 554; x_wconf 86' lang='lat' dir='ltr'>aptam</span> <span class='ocrx_word' id='word_1_17' title='bbox 762 470 894 546; x_wconf 82' lang='lat' dir='ltr'>faceret,</span> <span class='ocrx_word' id='word_1_18' title='bbox 919 469 1062 532; x_wconf 88' lang='lat' dir='ltr'>codicum</span> <span class='ocrx_word' id='word_1_19' title='bbox 1085 489 1195 532; x_wconf 83' lang='lat' dir='ltr'>vocem</span> <span class='ocrx_word' id='word_1_20' title='bbox 1219 466 1347 550; x_wconf 67' lang='lat' dir='ltr'>tyrrhe-</span> 
     </span>
     <span class='ocr_line' id='line_1_4' title="bbox 164 575 1348 660; baseline -0.004 -17"><span class='ocrx_word' id='word_1_21' title='bbox 164 602 241 644; x_wconf 77' lang='lat' dir='ltr'>num</span> <span class='ocrx_word' id='word_1_22' title='bbox 265 580 298 642; x_wconf 90' lang='lat' dir='ltr'>in</span> <span class='ocrx_word' id='word_1_23' title='bbox 321 587 478 643; x_wconf 81' lang='lat' dir='ltr'>terrenum</span> <span class='ocrx_word' id='word_1_24' title='bbox 501 578 647 655; x_wconf 86' lang='lat' dir='ltr'>mutavit,</span> <span class='ocrx_word' id='word_1_25' title='bbox 672 581 704 641; x_wconf 91' lang='lat' dir='ltr'>et</span> <span class='ocrx_word' id='word_1_26' title='bbox 726 580 857 660; x_wconf 91' lang='lat' dir='ltr'>propter</span> <span class='ocrx_word' id='word_1_27' title='bbox 879 597 1030 660; x_wconf 86' lang='lat' dir='ltr'>magnam</span> <span class='ocrx_word' id='word_1_28' title='bbox 1043 575 1243 638; x_wconf 84' lang='lat' dir='ltr'>Lachmanni</span> <span class='ocrx_word' id='word_1_29' title='bbox 1267 598 1348 638; x_wconf 86' lang='lat' dir='ltr'>auc-</span> 
     </span>
     <span class='ocr_line' id='line_1_5' title="bbox 162 683 1344 764; baseline -0.005 -12"><span class='ocrx_word' id='word_1_30' title='bbox 162 688 326 752; x_wconf 90' lang='lat' dir='ltr'>toritatem</span> <span class='ocrx_word' id='word_1_31' title='bbox 375 687 557 751; x_wconf 86' lang='lat' dir='ltr'>coniectura</span> <span class='ocrx_word' id='word_1_32' title='bbox 605 685 672 749; x_wconf 89' lang='lat' dir='ltr'>eius</span> <span class='ocrx_word' id='word_1_33' title='bbox 720 683 828 747; x_wconf 91' lang='lat' dir='ltr'>multis</span> <span class='ocrx_word' id='word_1_34' title='bbox 878 684 1053 747; x_wconf 78' lang='lat' dir='ltr'>editoribus</span> <span class='ocrx_word' id='word_1_35' title='bbox 1100 684 1236 764; x_wconf 89' lang='lat' dir='ltr'>probata</span> <span class='ocrx_word' id='word_1_36' title='bbox 1282 686 1344 746; x_wconf 86' lang='lat' dir='ltr'>est.</span> 
     </span>
     <span class='ocr_line' id='line_1_6' title="bbox 160 789 1345 874; baseline -0.006 -16"><span class='ocrx_word' id='word_1_37' title='bbox 160 795 270 858; x_wconf 85' lang='lat' dir='ltr'>Etiam</span> <span class='ocrx_word' id='word_1_38' title='bbox 304 793 415 858; x_wconf 79' lang='lat' dir='ltr'>Keller</span> <span class='ocrx_word' id='word_1_39' title='bbox 449 794 483 856; x_wconf 90' lang='lat' dir='ltr'>in</span> <span class='ocrx_word' id='word_1_40' title='bbox 519 794 566 857; x_wconf 88' lang='lat' dir='ltr'>ed.</span> <span class='ocrx_word' id='word_1_41' title='bbox 604 791 679 855; x_wconf 91' lang='lat' dir='ltr'>anni</span> <span class='ocrx_word' id='word_1_42' title='bbox 711 791 796 854; x_wconf 78' lang='lat'>1864</span> <span class='ocrx_word' id='word_1_43' title='bbox 819 789 901 874; x_wconf 85' lang='lat' dir='ltr'>legit</span> <span class='ocrx_word' id='word_1_44' title='bbox 924 797 1081 853; x_wconf 72' lang='lat' dir='ltr'>terremus</span> <span class='ocrx_word' id='word_1_45' title='bbox 1105 828 1146 834; x_wconf 90' lang='lat'><em>-</em></span> <span class='ocrx_word' id='word_1_46' title='bbox 1166 789 1345 872; x_wconf 79' lang='lat' dir='ltr'>publicum,</span> 
     </span>
     <span class='ocr_line' id='line_1_7' title="bbox 160 896 1346 985; baseline -0.005 -21"><span class='ocrx_word' id='word_1_47' title='bbox 160 902 216 966; x_wconf 88' lang='lat' dir='ltr'>sed</span> <span class='ocrx_word' id='word_1_48' title='bbox 242 902 276 965; x_wconf 90' lang='lat' dir='ltr'>in</span> <span class='ocrx_word' id='word_1_49' title='bbox 305 900 433 985; x_wconf 80' lang='lat' dir='ltr'>Epileg.</span> <span class='ocrx_word' id='word_1_50' title='bbox 463 901 503 964; x_wconf 86' lang='lat' dir='ltr'>ad</span> <span class='ocrx_word' id='word_1_51' title='bbox 531 900 674 964; x_wconf 92' lang='lat' dir='ltr'>codicum</span> <span class='ocrx_word' id='word_1_52' title='bbox 702 898 871 962; x_wconf 90' lang='lat' dir='ltr'>lectionem</span> <span class='ocrx_word' id='word_1_53' title='bbox 900 919 1045 961; x_wconf 83' lang='lat' dir='ltr'>reversus</span> <span class='ocrx_word' id='word_1_54' title='bbox 1076 896 1205 980; x_wconf 76' lang='lat' dir='ltr'><strong>scripsit</strong></span> <span class='ocrx_word' id='word_1_55' title='bbox 1244 896 1346 980; x_wconf 77' lang='lat' dir='ltr'>Tyrr-</span> 
     </span>
     <span class='ocr_line' id='line_1_8' title="bbox 159 1004 1346 1092; baseline -0.003 -21"><span class='ocrx_word' id='word_1_56' title='bbox 159 1009 273 1072; x_wconf 80' lang='lat' dir='ltr'>henum</span> <span class='ocrx_word' id='word_1_57' title='bbox 308 1046 348 1053; x_wconf 89' lang='lat'>—</span> <span class='ocrx_word' id='word_1_58' title='bbox 385 1009 567 1092; x_wconf 78' lang='lat' dir='ltr'>Apulicruu.</span> <span class='ocrx_word' id='word_1_59' title='bbox 621 1007 740 1070; x_wconf 92' lang='lat' dir='ltr'>Mirum</span> <span class='ocrx_word' id='word_1_60' title='bbox 776 1010 823 1069; x_wconf 89' lang='lat' dir='ltr'>est</span> <span class='ocrx_word' id='word_1_61' title='bbox 859 1027 931 1068; x_wconf 90' lang='lat' dir='ltr'>eum</span> <span class='ocrx_word' id='word_1_62' title='bbox 966 1008 1135 1087; x_wconf 90' lang='lat' dir='ltr'>utramque</span> <span class='ocrx_word' id='word_1_63' title='bbox 1170 1004 1346 1068; x_wconf 91' lang='lat' dir='ltr'>lectionem</span> 
     </span>
     <span class='ocr_line' id='line_1_9' title="bbox 160 1110 1340 1199; baseline -0.003 -21"><span class='ocrx_word' id='word_1_64' title='bbox 160 1115 337 1199; x_wconf 85' lang='lat' dir='ltr'>(apulicum</span> <span class='ocrx_word' id='word_1_65' title='bbox 372 1119 404 1178; x_wconf 92' lang='lat' dir='ltr'>et</span> <span class='ocrx_word' id='word_1_66' title='bbox 438 1114 617 1198; x_wconf 79' lang='lat' dir='ltr'>publicum)</span> <span class='ocrx_word' id='word_1_67' title='bbox 652 1112 781 1177; x_wconf 82' lang='lat' dir='ltr'>scholiis</span> <span class='ocrx_word' id='word_1_68' title='bbox 815 1111 1044 1196; x_wconf 83' lang='lat' dir='ltr'><strong>Porphyrionis</strong></span> <span class='ocrx_word' id='word_1_69' title='bbox 1073 1110 1340 1174; x_wconf 87' lang='lat' dir='ltr'>adminiculatum</span> 
     </span>
     <span class='ocr_line' id='line_1_10' title="bbox 160 1217 1344 1306; baseline -0.004 -20"><span class='ocrx_word' id='word_1_70' title='bbox 160 1245 239 1286; x_wconf 73' lang='lat' dir='ltr'>esse,</span> <span class='ocrx_word' id='word_1_71' title='bbox 297 1222 415 1306; x_wconf 90' lang='lat' dir='ltr'>Porph.</span> <span class='ocrx_word' id='word_1_72' title='bbox 456 1226 564 1285; x_wconf 89' lang='lat' dir='ltr'>autem</span> <span class='ocrx_word' id='word_1_73' title='bbox 597 1221 667 1284; x_wconf 86' lang='lat' dir='ltr'>haec</span> <span class='ocrx_word' id='word_1_74' title='bbox 703 1220 881 1284; x_wconf 72' lang='lat' dir='ltr'>annotavit:</span> <span class='ocrx_word' id='word_1_75' title='bbox 918 1219 991 1282; x_wconf 87' lang='lat' dir='ltr'>Hoc</span> <span class='ocrx_word' id='word_1_76' title='bbox 1024 1219 1080 1282; x_wconf 78' lang='lat' dir='ltr'>ode</span> <span class='ocrx_word' id='word_1_77' title='bbox 1114 1217 1273 1282; x_wconf 73' lang='lat' dir='ltr'>tacebitur</span> <span class='ocrx_word' id='word_1_78' title='bbox 1308 1221 1344 1281; x_wconf 78' lang='lat' dir='ltr'>io</span> 
     </span>
     <span class='ocr_line' id='line_1_11' title="bbox 160 1328 1343 1410; baseline -0.003 -18"><span class='ocrx_word' id='word_1_79' title='bbox 160 1331 323 1393; x_wconf 62' lang='lat' dir='ltr'>lacero-iam</span> <span class='ocrx_word' id='word_1_80' title='bbox 347 1328 490 1410; x_wconf 72' lang='lat' dir='ltr'>(artificiis</span> <span class='ocrx_word' id='word_1_81' title='bbox 512 1349 575 1391; x_wconf 80' lang='lat' dir='ltr'>ooo</span> <span class='ocrx_word' id='word_1_82' title='bbox 599 1335 716 1391; x_wconf 80' lang='lat' dir='ltr'>terrum</span> <span class='ocrx_word' id='word_1_83' title='bbox 739 1335 862 1391; x_wconf 78' lang='lat' dir='ltr'>tontum</span> <span class='ocrx_word' id='word_1_84' title='bbox 883 1347 990 1389; x_wconf 78' lang='lat' dir='ltr'>corruo</span> <span class='ocrx_word' id='word_1_85' title='bbox 1014 1329 1107 1389; x_wconf 80' lang='lat' dir='ltr'>etium</span> <span class='ocrx_word' id='word_1_86' title='bbox 1130 1328 1238 1388; x_wconf 79' lang='lat' dir='ltr'>roario</span> <span class='ocrx_word' id='word_1_87' title='bbox 1254 1347 1343 1389; x_wconf 83' lang='lat' dir='ltr'>occu-</span> 
     </span>
     <span class='ocr_line' id='line_1_12' title="bbox 153 1433 1344 1521; baseline -0.003 -22"><span class='ocrx_word' id='word_1_88' title='bbox 153 1444 294 1521; x_wconf 78' lang='lat' dir='ltr'>pantem,</span> <span class='ocrx_word' id='word_1_89' title='bbox 319 1436 403 1499; x_wconf 90' lang='lat' dir='ltr'>unde</span> <span class='ocrx_word' id='word_1_90' title='bbox 426 1458 466 1498; x_wconf 93' lang='lat' dir='ltr'>ne</span> <span class='ocrx_word' id='word_1_91' title='bbox 490 1434 592 1498; x_wconf 90' lang='lat' dir='ltr'>hilum</span> <span class='ocrx_word' id='word_1_92' title='bbox 616 1435 745 1518; x_wconf 89' lang='lat' dir='ltr'>quidem</span> <span class='ocrx_word' id='word_1_93' title='bbox 769 1434 956 1498; x_wconf 78' lang='lat' dir='ltr'>concludere</span> <span class='ocrx_word' id='word_1_94' title='bbox 979 1433 1065 1510; x_wconf 90' lang='lat' dir='ltr'>licet,</span> <span class='ocrx_word' id='word_1_95' title='bbox 1089 1437 1197 1496; x_wconf 91' lang='lat' dir='ltr'>utrum</span> <span class='ocrx_word' id='word_1_96' title='bbox 1222 1433 1344 1517; x_wconf 85' lang='lat' dir='ltr'>legerit</span> 
     </span>
     <span class='ocr_line' id='line_1_13' title="bbox 158 1540 1343 1626; baseline -0.003 -19"><span class='ocrx_word' id='word_1_97' title='bbox 158 1566 246 1607; x_wconf 88' lang='lat' dir='ltr'>mare</span> <span class='ocrx_word' id='word_1_98' title='bbox 277 1543 439 1626; x_wconf 87' lang='lat' dir='ltr'>apuhcum</span> <span class='ocrx_word' id='word_1_99' title='bbox 468 1565 507 1605; x_wconf 87' lang='lat' dir='ltr'>an</span> <span class='ocrx_word' id='word_1_100' title='bbox 535 1541 710 1625; x_wconf 92' lang='lat' dir='ltr'>publicum.</span> <span class='ocrx_word' id='word_1_101' title='bbox 758 1541 906 1608; x_wconf 80' lang='lat' dir='ltr'>Ceterum</span> <span class='ocrx_word' id='word_1_102' title='bbox 929 1541 1040 1604; x_wconf 87' lang='lat' dir='ltr'>Keller</span> <span class='ocrx_word' id='word_1_103' title='bbox 1058 1541 1082 1623; x_wconf 88' lang='lat'>¹)</span> <span class='ocrx_word' id='word_1_104' title='bbox 1108 1540 1227 1624; x_wconf 90' lang='lat' dir='ltr'>optime</span> <span class='ocrx_word' id='word_1_105' title='bbox 1253 1541 1343 1603; x_wconf 90' lang='lat' dir='ltr'>codi-</span> 
     </span>
     <span class='ocr_line' id='line_1_14' title="bbox 159 1647 1343 1731; baseline -0.003 -17"><span class='ocrx_word' id='word_1_106' title='bbox 159 1673 231 1715; x_wconf 89' lang='lat' dir='ltr'>cum</span> <span class='ocrx_word' id='word_1_107' title='bbox 253 1650 422 1713; x_wconf 91' lang='lat' dir='ltr'>lectionem</span> <span class='ocrx_word' id='word_1_108' title='bbox 446 1649 599 1713; x_wconf 80' lang='lat' dir='ltr'>defendit.</span> <span class='ocrx_word' id='word_1_109' title='bbox 644 1647 820 1712; x_wconf 83' lang='lat' dir='ltr'>Terrenum</span> <span class='ocrx_word' id='word_1_110' title='bbox 836 1648 1071 1712; x_wconf 84' lang='lat' dir='ltr'>substantivum</span> <span class='ocrx_word' id='word_1_111' title='bbox 1089 1647 1200 1712; x_wconf 83' lang='lat' dir='ltr'>Livius</span> <span class='ocrx_word' id='word_1_112' title='bbox 1215 1647 1343 1731; x_wconf 91' lang='lat' dir='ltr'>primus</span> 
     </span>
     <span class='ocr_line' id='line_1_15' title="bbox 158 1754 1342 1840; baseline -0.001 -20"><span class='ocrx_word' id='word_1_113' title='bbox 158 1757 325 1840; x_wconf 83' lang='lat' dir='ltr'>usurpavit</span> <span class='ocrx_word' id='word_1_114' title='bbox 349 1754 416 1837; x_wconf 80' lang='lat'>(23,</span> <span class='ocrx_word' id='word_1_115' title='bbox 443 1757 508 1838; x_wconf 88' lang='grc'>19).</span> <span class='ocrx_word' id='word_1_116' title='bbox 555 1755 631 1819; x_wconf 84' lang='lat' dir='ltr'>Post</span> <span class='ocrx_word' id='word_1_117' title='bbox 655 1778 727 1818; x_wconf 90' lang='lat' dir='ltr'>eum</span> <span class='ocrx_word' id='word_1_118' title='bbox 750 1778 846 1839; x_wconf 85' lang='lat' dir='ltr'>saepe,</span> <span class='ocrx_word' id='word_1_119' title='bbox 872 1760 945 1819; x_wconf 87' lang='lat' dir='ltr'>ante</span> <span class='ocrx_word' id='word_1_120' title='bbox 970 1778 1042 1819; x_wconf 90' lang='lat' dir='ltr'>eum</span> <span class='ocrx_word' id='word_1_121' title='bbox 1065 1777 1224 1838; x_wconf 77' lang='lat' dir='ltr'>nusquam</span> <span class='ocrx_word' id='word_1_122' title='bbox 1248 1755 1342 1819; x_wconf 89' lang='lat' dir='ltr'>inve-</span> 
     </span>
     <span class='ocr_line' id='line_1_16' title="bbox 157 1862 1343 1927; baseline -0.001 0"><span class='ocrx_word' id='word_1_123' title='bbox 157 1865 255 1927; x_wconf 88' lang='lat' dir='ltr'>nitur.</span> <span class='ocrx_word' id='word_1_124' title='bbox 303 1863 365 1927; x_wconf 85' lang='lat' dir='ltr'>Sed</span> <span class='ocrx_word' id='word_1_125' title='bbox 390 1868 514 1926; x_wconf 83' lang='lat' dir='ltr'>extruso</span> <span class='ocrx_word' id='word_1_126' title='bbox 539 1863 677 1926; x_wconf 90' lang='lat' dir='ltr'>omnium</span> <span class='ocrx_word' id='word_1_127' title='bbox 701 1863 845 1927; x_wconf 91' lang='lat' dir='ltr'>codicum</span> <span class='ocrx_word' id='word_1_128' title='bbox 867 1864 964 1927; x_wconf 84' lang='lat' dir='ltr'>verbo</span> <span class='ocrx_word' id='word_1_129' title='bbox 987 1862 1117 1926; x_wconf 88' lang='lat' dir='ltr'>dubiam</span> <span class='ocrx_word' id='word_1_130' title='bbox 1134 1862 1291 1925; x_wconf 89' lang='lat' dir='ltr'>eiusmodi</span> <span class='ocrx_word' id='word_1_131' title='bbox 1308 1867 1343 1926; x_wconf 90' lang='lat' dir='ltr'>et</span> 
     </span>
     <span class='ocr_line' id='line_1_17' title="bbox 156 1969 1343 2054; baseline 0 -22"><span class='ocrx_word' id='word_1_132' title='bbox 156 1971 313 2034; x_wconf 84' lang='lat' dir='ltr'>incertam</span> <span class='ocrx_word' id='word_1_133' title='bbox 347 1992 457 2033; x_wconf 87' lang='lat' dir='ltr'>vocem</span> <span class='ocrx_word' id='word_1_134' title='bbox 484 1969 644 2034; x_wconf 89' lang='lat' dir='ltr'>inculcare</span> <span class='ocrx_word' id='word_1_135' title='bbox 675 1973 706 2033; x_wconf 91' lang='lat' dir='ltr'>et</span> <span class='ocrx_word' id='word_1_136' title='bbox 729 1970 860 2052; x_wconf 83' lang='lat' dir='ltr'>pessimi</span> <span class='ocrx_word' id='word_1_137' title='bbox 884 1970 1020 2054; x_wconf 85' lang='lat' dir='ltr'>exempli</span> <span class='ocrx_word' id='word_1_138' title='bbox 1044 1974 1076 2033; x_wconf 89' lang='lat' dir='ltr'>et</span> <span class='ocrx_word' id='word_1_139' title='bbox 1099 1990 1343 2052; x_wconf 88' lang='lat' dir='ltr'>supervacanea</span> 
     </span>
     <span class='ocr_line' id='line_1_18' title="bbox 157 2076 1341 2161; baseline 0 -21"><span class='ocrx_word' id='word_1_140' title='bbox 157 2100 208 2141; x_wconf 90' lang='lat' dir='ltr'>res</span> <span class='ocrx_word' id='word_1_141' title='bbox 233 2081 291 2141; x_wconf 88' lang='lat' dir='ltr'>est.</span> <span class='ocrx_word' id='word_1_142' title='bbox 339 2076 435 2140; x_wconf 84' lang='lat' dir='ltr'>Codd.</span> <span class='ocrx_word' id='word_1_143' title='bbox 459 2076 580 2139; x_wconf 89' lang='lat' dir='ltr'>habent</span> <span class='ocrx_word' id='word_1_144' title='bbox 604 2076 774 2159; x_wconf 84' lang='lat' dir='ltr'>apulicum,</span> <span class='ocrx_word' id='word_1_145' title='bbox 799 2076 951 2160; x_wconf 86' lang='lat' dir='ltr'>pulicum,</span> <span class='ocrx_word' id='word_1_146' title='bbox 968 2077 1143 2161; x_wconf 90' lang='lat' dir='ltr'>publicum,</span> <span class='ocrx_word' id='word_1_147' title='bbox 1160 2077 1341 2160; x_wconf 83' lang='lat' dir='ltr'>ponticum.</span> 
     </span>
     <span class='ocr_line' id='line_1_19' title="bbox 155 2182 1342 2268; baseline -0.001 -21"><span class='ocrx_word' id='word_1_148' title='bbox 155 2183 325 2248; x_wconf 90' lang='lat' dir='ltr'>Ponticum</span> <span class='ocrx_word' id='word_1_149' title='bbox 359 2184 393 2247; x_wconf 91' lang='lat' dir='ltr'>in</span> <span class='ocrx_word' id='word_1_150' title='bbox 427 2182 633 2246; x_wconf 86' lang='lat' dir='ltr'>mavortianis</span> <span class='ocrx_word' id='word_1_151' title='bbox 666 2184 755 2247; x_wconf 90' lang='lat' dir='ltr'>codd.</span> <span class='ocrx_word' id='word_1_152' title='bbox 792 2189 850 2261; x_wconf 92' lang='lat' dir='ltr'>est,</span> <span class='ocrx_word' id='word_1_153' title='bbox 886 2207 984 2268; x_wconf 85' lang='lat' dir='ltr'>quum</span> <span class='ocrx_word' id='word_1_154' title='bbox 1019 2188 1126 2248; x_wconf 85' lang='lat' dir='ltr'>autem</span> <span class='ocrx_word' id='word_1_155' title='bbox 1157 2183 1342 2248; x_wconf 87' lang='lat' dir='ltr'>Mavortius</span> 
     </span>
     <span class='ocr_line' id='line_1_20' title="bbox 158 2289 1342 2374; baseline 0 -19"><span class='ocrx_word' id='word_1_156' title='bbox 158 2290 432 2374; x_wconf 80' lang='lat' dir='ltr'>Constantinopoli</span> <span class='ocrx_word' id='word_1_157' title='bbox 466 2312 565 2373; x_wconf 90' lang='lat' dir='ltr'>prope</span> <span class='ocrx_word' id='word_1_158' title='bbox 593 2289 730 2354; x_wconf 90' lang='lat' dir='ltr'>Pontum</span> <span class='ocrx_word' id='word_1_159' title='bbox 753 2291 876 2359; x_wconf 85' lang='lat' dir='ltr'>vixerit.</span> <span class='ocrx_word' id='word_1_160' title='bbox 906 2291 1073 2355; x_wconf 90' lang='lat' dir='ltr'>intellectu</span> <span class='ocrx_word' id='word_1_161' title='bbox 1095 2291 1182 2354; x_wconf 86' lang='lat' dir='ltr'>haud</span> <span class='ocrx_word' id='word_1_162' title='bbox 1206 2291 1342 2355; x_wconf 90' lang='lat' dir='ltr'>difficile</span> 
     </span>
     <span class='ocr_line' id='line_1_21' title="bbox 156 2397 1337 2480; baseline 0 -19"><span class='ocrx_word' id='word_1_163' title='bbox 156 2402 214 2475; x_wconf 89' lang='lat' dir='ltr'>est,</span> <span class='ocrx_word' id='word_1_164' title='bbox 246 2421 262 2461; x_wconf 91' lang='lat' dir='ltr'>e</span> <span class='ocrx_word' id='word_1_165' title='bbox 292 2420 352 2480; x_wconf 92' lang='lat' dir='ltr'>quo</span> <span class='ocrx_word' id='word_1_166' title='bbox 381 2397 468 2460; x_wconf 87' lang='lat' dir='ltr'>fonte</span> <span class='ocrx_word' id='word_1_167' title='bbox 496 2397 623 2461; x_wconf 84' lang='lat' dir='ltr'>fluxerit</span> <span class='ocrx_word' id='word_1_168' title='bbox 647 2398 713 2461; x_wconf 92' lang='lat' dir='ltr'>eius</span> <span class='ocrx_word' id='word_1_169' title='bbox 742 2398 971 2477; x_wconf 82' lang='lat' dir='ltr'>,emendatio“.</span> <span class='ocrx_word' id='word_1_170' title='bbox 1020 2398 1166 2462; x_wconf 88' lang='lat' dir='ltr'>Puhcum</span> <span class='ocrx_word' id='word_1_171' title='bbox 1190 2420 1225 2462; x_wconf 93' lang='lat' dir='ltr'>eo</span> <span class='ocrx_word' id='word_1_172' title='bbox 1251 2402 1337 2462; x_wconf 90' lang='lat' dir='ltr'>tem-</span> 
     </span>
     <span class='ocr_line' id='line_1_22' title="bbox 158 2503 1337 2588; baseline 0.001 -21"><span class='ocrx_word' id='word_1_173' title='bbox 158 2527 235 2587; x_wconf 90' lang='lat' dir='ltr'>pore</span> <span class='ocrx_word' id='word_1_174' title='bbox 260 2508 363 2568; x_wconf 90' lang='lat' dir='ltr'>ortum</span> <span class='ocrx_word' id='word_1_175' title='bbox 387 2508 445 2581; x_wconf 80' lang='lat' dir='ltr'>est,</span> <span class='ocrx_word' id='word_1_176' title='bbox 470 2526 531 2587; x_wconf 90' lang='lat' dir='ltr'>quo</span> <span class='ocrx_word' id='word_1_177' title='bbox 554 2503 680 2567; x_wconf 88' lang='lat' dir='ltr'>Puliam</span> <span class='ocrx_word' id='word_1_178' title='bbox 697 2505 722 2587; x_wconf 74' lang='lat'>2)</span> <span class='ocrx_word' id='word_1_179' title='bbox 747 2528 804 2588; x_wconf 92' lang='lat' dir='ltr'>pro</span> <span class='ocrx_word' id='word_1_180' title='bbox 828 2504 949 2588; x_wconf 81' lang='lat' dir='ltr'>Apulia</span> <span class='ocrx_word' id='word_1_181' title='bbox 973 2506 1079 2569; x_wconf 89' lang='lat' dir='ltr'>dicere</span> <span class='ocrx_word' id='word_1_182' title='bbox 1096 2510 1281 2588; x_wconf 82' lang='lat' dir='ltr'>coeperunt,</span> <span class='ocrx_word' id='word_1_183' title='bbox 1300 2510 1337 2569; x_wconf 93' lang='lat' dir='ltr'>ut</span> 
     </span>
     <span class='ocr_line' id='line_1_23' title="bbox 158 2610 1339 2697; baseline 0.001 -23"><span class='ocrx_word' id='word_1_184' title='bbox 158 2610 310 2694; x_wconf 85' lang='lat' dir='ltr'>Spaniam</span> <span class='ocrx_word' id='word_1_185' title='bbox 333 2634 390 2694; x_wconf 92' lang='lat' dir='ltr'>pro</span> <span class='ocrx_word' id='word_1_186' title='bbox 414 2610 582 2695; x_wconf 86' lang='lat' dir='ltr'>Hispania.</span> <span class='ocrx_word' id='word_1_187' title='bbox 622 2611 747 2674; x_wconf 91' lang='lat' dir='ltr'>Deinde</span> <span class='ocrx_word' id='word_1_188' title='bbox 770 2611 896 2675; x_wconf 89' lang='lat' dir='ltr'>librarii</span> <span class='ocrx_word' id='word_1_189' title='bbox 919 2612 1026 2696; x_wconf 83' lang='lat' dir='ltr'>ignari</span> <span class='ocrx_word' id='word_1_190' title='bbox 1037 2611 1181 2695; x_wconf 84' lang='lat' dir='ltr'>pulicum</span> <span class='ocrx_word' id='word_1_191' title='bbox 1193 2612 1226 2675; x_wconf 94' lang='lat' dir='ltr'>in</span> <span class='ocrx_word' id='word_1_192' title='bbox 1250 2614 1339 2697; x_wconf 84' lang='lat' dir='ltr'>pub-</span> 
     </span>
     <span class='ocr_line' id='line_1_24' title="bbox 153 2717 1337 2802; baseline 0.007 -23"><span class='ocrx_word' id='word_1_193' title='bbox 153 2717 252 2781; x_wconf 90' lang='lat' dir='ltr'>licum</span> <span class='ocrx_word' id='word_1_194' title='bbox 276 2721 491 2781; x_wconf 87' lang='lat' dir='ltr'>mutaverunt.</span> <span class='ocrx_word' id='word_1_195' title='bbox 538 2717 689 2781; x_wconf 90' lang='lat' dir='ltr'>Dubitari</span> <span class='ocrx_word' id='word_1_196' title='bbox 713 2717 764 2781; x_wconf 84' lang='lat' dir='ltr'>vix</span> <span class='ocrx_word' id='word_1_197' title='bbox 787 2722 902 2801; x_wconf 91' lang='lat' dir='ltr'>potest,</span> <span class='ocrx_word' id='word_1_198' title='bbox 928 2719 1005 2802; x_wconf 90' lang='lat' dir='ltr'>quin</span> <span class='ocrx_word' id='word_1_199' title='bbox 1029 2719 1088 2783; x_wconf 93' lang='lat' dir='ltr'>hoc</span> <span class='ocrx_word' id='word_1_200' title='bbox 1114 2720 1205 2783; x_wconf 92' lang='lat' dir='ltr'>modo</span> <span class='ocrx_word' id='word_1_201' title='bbox 1235 2720 1337 2787; x_wconf 77' lang='lat' dir='ltr'>varia</span> 
     </span>
     <span class='ocr_line' id='line_1_25' title="bbox 154 2824 1334 2909; baseline 0.004 -23"><span class='ocrx_word' id='word_1_202' title='bbox 154 2824 299 2887; x_wconf 91' lang='lat' dir='ltr'>codicum</span> <span class='ocrx_word' id='word_1_203' title='bbox 333 2824 485 2888; x_wconf 89' lang='lat' dir='ltr'>lectiones</span> <span class='ocrx_word' id='word_1_204' title='bbox 521 2847 556 2888; x_wconf 87' lang='lat' dir='ltr'>ex</span> <span class='ocrx_word' id='word_1_205' title='bbox 586 2824 754 2907; x_wconf 85' lang='lat' dir='ltr'>archetypi</span> <span class='ocrx_word' id='word_1_206' title='bbox 777 2848 853 2889; x_wconf 77' lang='lat' dir='ltr'>voce</span> <span class='ocrx_word' id='word_1_207' title='bbox 876 2825 1051 2909; x_wconf 85' lang='lat' dir='ltr'>Apulicum</span> <span class='ocrx_word' id='word_1_208' title='bbox 1074 2831 1150 2890; x_wconf 85' lang='lat' dir='ltr'>ortae</span> <span class='ocrx_word' id='word_1_209' title='bbox 1174 2827 1250 2904; x_wconf 88' lang='lat' dir='ltr'>sint,</span> <span class='ocrx_word' id='word_1_210' title='bbox 1274 2850 1334 2891; x_wconf 91' lang='lat' dir='ltr'>ne·</span> 
     </span>
     <span class='ocr_line' id='line_1_26' title="bbox 150 2932 1334 3016; baseline 0.006 -24"><span class='ocrx_word' id='word_1_211' title='bbox 150 2952 254 3012; x_wconf 91' lang='lat' dir='ltr'>neque</span> <span class='ocrx_word' id='word_1_212' title='bbox 278 2935 326 2993; x_wconf 90' lang='lat' dir='ltr'>est</span> <span class='ocrx_word' id='word_1_213' title='bbox 349 2953 445 2994; x_wconf 90' lang='lat' dir='ltr'>causa</span> <span class='ocrx_word' id='word_1_214' title='bbox 468 2954 524 2995; x_wconf 90' lang='lat' dir='ltr'>cur</span> <span class='ocrx_word' id='word_1_215' title='bbox 547 2934 709 2995; x_wconf 88' lang='lat' dir='ltr'>terrenum</span> <span class='ocrx_word' id='word_1_216' title='bbox 734 2932 925 2996; x_wconf 88' lang='lat' dir='ltr'>coniciamus</span> <span class='ocrx_word' id='word_1_217' title='bbox 949 2938 1003 2996; x_wconf 90' lang='lat' dir='ltr'>aut</span> <span class='ocrx_word' id='word_1_218' title='bbox 1026 2955 1158 2996; x_wconf 85' lang='lat' dir='ltr'>versum</span> <span class='ocrx_word' id='word_1_219' title='bbox 1186 2935 1334 3016; x_wconf 87' lang='lat' dir='ltr'>spurium</span> 
     </span>
     <span class='ocr_line' id='line_1_27' title="bbox 153 3037 1333 3124; baseline 0.006 -25"><span class='ocrx_word' id='word_1_220' title='bbox 153 3058 220 3100; x_wconf 88' lang='lat' dir='ltr'>esse</span> <span class='ocrx_word' id='word_1_221' title='bbox 256 3041 414 3120; x_wconf 90' lang='lat' dir='ltr'>putemus.</span> <span class='ocrx_word' id='word_1_222' title='bbox 461 3037 544 3101; x_wconf 91' lang='lat' dir='ltr'>Nam</span> <span class='ocrx_word' id='word_1_223' title='bbox 575 3038 670 3101; x_wconf 88' lang='lat' dir='ltr'>etiarn</span> <span class='ocrx_word' id='word_1_224' title='bbox 695 3039 721 3101; x_wconf 90' lang='lat' dir='ltr'>si</span> <span class='ocrx_word' id='word_1_225' title='bbox 745 3040 937 3103; x_wconf 87' lang='lat' dir='ltr'>sententiam</span> <span class='ocrx_word' id='word_1_226' title='bbox 960 3043 1151 3124; x_wconf 87' lang='lat' dir='ltr'>spectamus,</span> <span class='ocrx_word' id='word_1_227' title='bbox 1175 3041 1259 3105; x_wconf 90' lang='lat' dir='ltr'>nihil</span> <span class='ocrx_word' id='word_1_228' title='bbox 1283 3046 1333 3106; x_wconf 89' lang='lat' dir='ltr'>est</span> 
     </span>
     <span class='ocr_line' id='line_1_28' title="bbox 151 3143 1333 3230; baseline 0.007 -26"><span class='ocrx_word' id='word_1_229' title='bbox 151 3143 410 3226; x_wconf 85' lang='lat' dir='ltr'>vituperandum.</span> <span class='ocrx_word' id='word_1_230' title='bbox 457 3144 547 3208; x_wconf 89' lang='lat' dir='ltr'>Mare</span> <span class='ocrx_word' id='word_1_231' title='bbox 571 3144 772 3227; x_wconf 84' lang='lat' dir='ltr'>Tyrrhenum</span> <span class='ocrx_word' id='word_1_232' title='bbox 797 3150 829 3209; x_wconf 89' lang='lat' dir='ltr'>et</span> <span class='ocrx_word' id='word_1_233' title='bbox 851 3169 939 3210; x_wconf 89' lang='lat' dir='ltr'>mare</span> <span class='ocrx_word' id='word_1_234' title='bbox 964 3147 1125 3230; x_wconf 88' lang='lat' dir='ltr'>apulicum</span> <span class='ocrx_word' id='word_1_235' title='bbox 1146 3148 1179 3211; x_wconf 93' lang='lat' dir='ltr'>h.</span> <span class='ocrx_word' id='word_1_236' title='bbox 1197 3170 1223 3211; x_wconf 91' lang='lat' dir='ltr'>e.</span> <span class='ocrx_word' id='word_1_237' title='bbox 1241 3171 1333 3212; x_wconf 87' lang='lat' dir='ltr'>mare</span> 
     </span>
    </p>
   </div>
   <div class='ocr_carea' id='block_1_3' title="bbox 151 3248 1333 3439">
    <p class='ocr_par' dir='ltr' id='par_1_3' title="bbox 151 3248 1333 3439">
     <span class='ocr_line' id='line_1_29' title="bbox 151 3248 1333 3337; baseline 0.007 -26"><span class='ocrx_word' id='word_1_238' title='bbox 151 3248 290 3312; x_wconf 88' lang='lat' dir='ltr'>inferum</span> <span class='ocrx_word' id='word_1_239' title='bbox 325 3253 357 3313; x_wconf 88' lang='lat' dir='ltr'>et</span> <span class='ocrx_word' id='word_1_240' title='bbox 391 3273 479 3314; x_wconf 91' lang='lat' dir='ltr'>mare</span> <span class='ocrx_word' id='word_1_241' title='bbox 514 3273 674 3335; x_wconf 87' lang='lat' dir='ltr'>superum,</span> <span class='ocrx_word' id='word_1_242' title='bbox 698 3252 730 3316; x_wconf 88' lang='lat' dir='ltr'>h.</span> <span class='ocrx_word' id='word_1_243' title='bbox 757 3275 783 3316; x_wconf 88' lang='lat' dir='ltr'>e.</span> <span class='ocrx_word' id='word_1_244' title='bbox 809 3253 869 3316; x_wconf 90' lang='lat' dir='ltr'>duo</span> <span class='ocrx_word' id='word_1_245' title='bbox 893 3253 949 3316; x_wconf 88' lang='lat' dir='ltr'>illa</span> <span class='ocrx_word' id='word_1_246' title='bbox 972 3253 1084 3332; x_wconf 87' lang='lat' dir='ltr'>maria,</span> <span class='ocrx_word' id='word_1_247' title='bbox 1109 3277 1180 3337; x_wconf 85' lang='lat' dir='ltr'>quae</span> <span class='ocrx_word' id='word_1_248' title='bbox 1205 3255 1333 3324; x_wconf 87' lang='lat' dir='ltr'>alluunt</span> 
     </span>
     <span class='ocr_line' id='line_1_30' title="bbox 152 3354 798 3439; baseline 0.005 -21"><span class='ocrx_word' id='word_1_249' title='bbox 152 3354 279 3419; x_wconf 88' lang='lat' dir='ltr'>Italiam</span> <span class='ocrx_word' id='word_1_250' title='bbox 294 3357 332 3439; x_wconf 84' lang='grc'>3).</span> <span class='ocrx_word' id='word_1_251' title='bbox 795 3363 798 3370; x_wconf 85' lang='grc'><strong><em>’</em></strong></span> 
     </span>
    </p>
   </div>
   <div class='ocr_carea' id='block_1_4' title="bbox 149 3551 417 3560">
    <p class='ocr_par' dir='ltr' id='par_1_4' title="bbox 149 3551 417 3560">
     <span class='ocr_line' id='line_1_31' title="bbox 149 3551 417 3560; baseline 0.011 -3"><span class='ocrx_word' id='word_1_252' title='bbox 149 3551 417 3560; x_wconf 68' lang='lat'>——-—-—.-.-..</span> 
     </span>
    </p>
   </div>
   <div class='ocr_carea' id='block_1_5' title="bbox 147 3671 1327 4186">
    <p class='ocr_par' dir='ltr' id='par_1_5' title="bbox 261 3671 551 3744">
     <span class='ocr_line' id='line_1_32' title="bbox 261 3671 551 3744; baseline 0.017 -18"><span class='ocrx_word' id='word_1_253' title='bbox 261 3671 278 3736; x_wconf 80' lang='lat'>¹}</span> <span class='ocrx_word' id='word_1_254' title='bbox 296 3683 396 3741; x_wconf 85' lang='lat' dir='ltr'>Epileg.</span> <span class='ocrx_word' id='word_1_255' title='bbox 417 3685 476 3740; x_wconf 82' lang='lat'>260,</span> <span class='ocrx_word' id='word_1_256' title='bbox 497 3698 551 3744; x_wconf 85' lang='lat' dir='ltr'>sqq.</span> 
     </span>
    </p>

    <p class='ocr_par' dir='ltr' id='par_1_6' title="bbox 261 3760 802 3825">
     <span class='ocr_line' id='line_1_33' title="bbox 261 3760 802 3825; baseline 0.017 -10"><span class='ocrx_word' id='word_1_257' title='bbox 261 3760 279 3824; x_wconf 74' lang='lat'>⁹)</span> <span class='ocrx_word' id='word_1_258' title='bbox 301 3771 360 3825; x_wconf 82' lang='lat' dir='ltr'>Quae</span> <span class='ocrx_word' id='word_1_259' title='bbox 379 3773 461 3819; x_wconf 81' lang='lat' dir='ltr'>formo</span> <span class='ocrx_word' id='word_1_260' title='bbox 480 3776 623 3820; x_wconf 85' lang='lat' dir='ltr'>etiamnunc</span> <span class='ocrx_word' id='word_1_261' title='bbox 642 3777 667 3821; x_wconf 92' lang='lat' dir='ltr'>in</span> <span class='ocrx_word' id='word_1_262' title='bbox 685 3791 736 3823; x_wconf 88' lang='lat' dir='ltr'>usn</span> <span class='ocrx_word' id='word_1_263' title='bbox 755 3781 802 3824; x_wconf 89' lang='lat' dir='ltr'>est.</span> 
     </span>
    </p>

    <p class='ocr_par' dir='ltr' id='par_1_7' title="bbox 147 3849 1327 4186">
     <span class='ocr_line' id='line_1_34' title="bbox 259 3849 1326 3930; baseline 0.017 -26"><span class='ocrx_word' id='word_1_264' title='bbox 259 3849 277 3913; x_wconf 55' lang='grc' dir='ltr'>ἢ</span> <span class='ocrx_word' id='word_1_265' title='bbox 297 3860 371 3915; x_wconf 85' lang='lat' dir='ltr'>Quod</span> <span class='ocrx_word' id='word_1_266' title='bbox 390 3863 481 3908; x_wconf 83' lang='lat' dir='ltr'>attinet</span> <span class='ocrx_word' id='word_1_267' title='bbox 501 3864 533 3909; x_wconf 86' lang='lat' dir='ltr'>ad</span> <span class='ocrx_word' id='word_1_268' title='bbox 552 3865 707 3922; x_wconf 84' lang='lat' dir='ltr'>syllabarum</span> <span class='ocrx_word' id='word_1_269' title='bbox 726 3880 871 3914; x_wconf 86' lang='lat' dir='ltr'>mensuram</span> <span class='ocrx_word' id='word_1_270' title='bbox 889 3869 915 3915; x_wconf 86' lang='lat' dir='ltr'>in</span> <span class='ocrx_word' id='word_1_271' title='bbox 928 3850 1141 3930; x_wconf 84' lang='lat' dir='ltr'>voceApulicirm,</span> <span class='ocrx_word' id='word_1_272' title='bbox 1153 3875 1255 3920; x_wconf 86' lang='lat' dir='ltr'>constat</span> <span class='ocrx_word' id='word_1_273' title='bbox 1269 3888 1326 3923; x_wconf 81' lang='lat' dir='ltr'>eam</span> 
     </span>
     <span class='ocr_line' id='line_1_35' title="bbox 149 3949 1326 4014; baseline 0.015 -22"><span class='ocrx_word' id='word_1_274' title='bbox 149 3960 217 4006; x_wconf 73' lang='lat' dir='ltr'>saepe</span> <span class='ocrx_word' id='word_1_275' title='bbox 244 3949 270 3993; x_wconf 91' lang='lat' dir='ltr'>in</span> <span class='ocrx_word' id='word_1_276' title='bbox 297 3951 418 4009; x_wconf 88' lang='lat' dir='ltr'>propriis,</span> <span class='ocrx_word' id='word_1_277' title='bbox 438 3965 493 4010; x_wconf 82' lang='lat' dir='ltr'>quae</span> <span class='ocrx_word' id='word_1_278' title='bbox 512 3957 610 4009; x_wconf 83' lang='lat' dir='ltr'>vocant,</span> <span class='ocrx_word' id='word_1_279' title='bbox 634 3955 780 4002; x_wconf 89' lang='lat' dir='ltr'>nominibus</span> <span class='ocrx_word' id='word_1_280' title='bbox 800 3970 857 4002; x_wconf 85' lang='lat' dir='ltr'>esse</span> <span class='ocrx_word' id='word_1_281' title='bbox 876 3958 1006 4006; x_wconf 86' lang='lat' dir='ltr'>incertam.</span> <span class='ocrx_word' id='word_1_282' title='bbox 1049 3960 1122 4014; x_wconf 85' lang='lat' dir='ltr'>Quod</span> <span class='ocrx_word' id='word_1_283' title='bbox 1141 3962 1238 4010; x_wconf 86' lang='lat' dir='ltr'>Peerlc.</span> <span class='ocrx_word' id='word_1_284' title='bbox 1260 3964 1326 4013; x_wconf 87' lang='lat' dir='ltr'>dicit</span> 
     </span>
     <span class='ocr_line' id='line_1_36' title="bbox 148 4037 1327 4108; baseline 0.015 -27"><span class='ocrx_word' id='word_1_285' title='bbox 148 4037 174 4081; x_wconf 91' lang='lat' dir='ltr'>iu</span> <span class='ocrx_word' id='word_1_286' title='bbox 194 4037 242 4083; x_wconf 92' lang='lat' dir='ltr'>hoc</span> <span class='ocrx_word' id='word_1_287' title='bbox 261 4052 338 4084; x_wconf 85' lang='lat' dir='ltr'>versu</span> <span class='ocrx_word' id='word_1_288' title='bbox 356 4053 475 4098; x_wconf 86' lang='lat' dir='ltr'>magnam</span> <span class='ocrx_word' id='word_1_289' title='bbox 493 4042 579 4088; x_wconf 90' lang='lat' dir='ltr'>inesse</span> <span class='ocrx_word' id='word_1_290' title='bbox 597 4045 713 4090; x_wconf 83' lang='lat' dir='ltr'>veritatis</span> <span class='ocrx_word' id='word_1_291' title='bbox 733 4046 932 4104; x_wconf 85' lang='lat' dir='ltr'>superlationem</span> <span class='ocrx_word' id='word_1_292' title='bbox 952 4046 1144 4108; x_wconf 76' lang='lat' dir='ltr'>(hyperbolem),</span> <span class='ocrx_word' id='word_1_293' title='bbox 1164 4051 1206 4096; x_wconf 85' lang='lat' dir='ltr'>vix</span> <span class='ocrx_word' id='word_1_294' title='bbox 1226 4052 1249 4098; x_wconf 90' lang='lat' dir='ltr'>si</span> <span class='ocrx_word' id='word_1_295' title='bbox 1267 4066 1327 4100; x_wconf 84' lang='lat' dir='ltr'>sen-</span> 
     </span>
     <span class='ocr_line' id='line_1_37' title="bbox 147 4126 1050 4186; baseline 0.018 -17"><span class='ocrx_word' id='word_1_296' title='bbox 147 4126 255 4171; x_wconf 87' lang='lat' dir='ltr'>tentiam</span> <span class='ocrx_word' id='word_1_297' title='bbox 273 4126 433 4175; x_wconf 77' lang='lat' dir='ltr'>horatianum</span> <span class='ocrx_word' id='word_1_298' title='bbox 452 4131 644 4178; x_wconf 84' lang='lat' dir='ltr'>consideramus</span> <span class='ocrx_word' id='word_1_299' title='bbox 664 4135 730 4180; x_wconf 88' lang='lat' dir='ltr'>serio</span> <span class='ocrx_word' id='word_1_300' title='bbox 750 4135 847 4181; x_wconf 88' lang='lat' dir='ltr'>dictum</span> <span class='ocrx_word' id='word_1_301' title='bbox 866 4149 923 4182; x_wconf 87' lang='lat' dir='ltr'>esse</span> <span class='ocrx_word' id='word_1_302' title='bbox 941 4138 1050 4186; x_wconf 85' lang='lat' dir='ltr'>videtur.</span> 
     </span>
    </p>
   </div>
   <div class='ocr_carea' id='block_1_6' title="bbox 0 0 1388 4590">
    <p class='ocr_par' dir='ltr' id='par_1_8' title="bbox 0 0 1388 4590">
     <span class='ocr_line' id='line_1_38' title="bbox 0 0 1388 4590; baseline 0 4"><span class='ocrx_word' id='word_1_303' title='bbox 0 0 1388 4590; x_wconf 95' lang='lat' dir='ltr'> </span> 
     </span>
    </p>
   </div>
  </div>
 </body>
</html>
