2766 4590
604 167 778 230 ...63-

608 438 779 539 XXV.

205 660 331 725 Peerlc.
367 661 426 726 hcc
461 686 590 727 carmen
624 665 808 730 comminuit
843 674 874 732 et
910 693 926 734 e
955 670 1144 756 fragmentis
1168 698 1281 741 versus

103 768 266 832 nonnullos
302 769 491 834 coniecturis
527 775 559 834 et
593 774 891 856 transpositionibus
921 779 1163 863 conglutinavit,
1199 805 1280 865 quos

104 879 191 957 putat
228 877 379 940 carminis
408 878 448 941 ad
476 877 640 942 Bacchum
664 879 889 944 celebrandum
913 885 1024 968 scripti
1049 885 1146 969 (quod
1169 892 1277 952 tamen

104 1005 257 1066 nusquam
293 983 467 1066 invenitur)
503 985 630 1048 initium
666 1008 743 1050 esse.
802 987 922 1052 Versus
958 996 1064 1056 autern
1099 995 1279 1077 peerlcam·

104 1089 187 1173 piani
214 1089 249 1153 hi
274 1095 362 1154 sunt:

421 1223 476 1277 Quo
495 1237 536 1269 me
554 1223 639 1269 Bachc
657 1225 728 1283 rapis
748 1226 786 1270 tui

315 1312 436 1357 Plenum?
474 1312 533 1366 Quae
553 1327 663 1368 nemora,
684 1318 728 1359 aut
747 1328 812 1373 quos
832 1329 893 1374 agor
913 1318 938 1362 in
958 1320 1066 1377 specus?

314 1401 410 1447 Edonis
430 1405 517 1460 stupet
536 1403 612 1448 Evias

312 1491 427 1536 Hebrum
446 1493 614 1551 prospiciens,
634 1495 659 1538 et
679 1494 735 1539 nive
755 1494 889 1540 candidam

315 1580 437 1635 Thracen,
457 1594 507 1626 non
527 1595 601 1627 scens
620 1583 646 1627 in
666 1583 740 1640 iugis.

313 1669 354 1715 Nil
373 1670 480 1716 mortale
499 1671 597 1729 loquar.
636 1672 716 1717 Dulce
735 1673 878 1730 periculum
897 1676 946 1729 est,

314 1758 334 1804 0
353 1758 440 1814 Lctoe,
461 1761 532 1818 sequi
552 1761 627 1806 deum

313 1849 461 1906 cingentem
479 1849 554 1894 viridi
573 1854 689 1909 tempora
708 1852 836 1911 pampino.
860 1884 863 1891 .

204 1951 274 2015 Hoc
318 1974 395 2034 opus
430 1952 521 2034 qnasi
556 1952 754 2015 tessellatum
788 1952 872 2016 mala
907 1954 1048 2037 partium
1083 1955 1278 2020 cohaerentia

102 2061 217 2124 nemini
241 2059 373 2142 placuit,
397 2080 510 2141 neque,
536 2059 639 2135 credo,
668 2060 816 2142 cuiquam
840 2061 991 2143 placebit.
1018 2061 1180 2145 Gruppius
1205 2063 1274 2126 iure

74 2176 78 2187 '
103 2168 175 2232 dicit
199 2167 283 2230 hanc
308 2167 496 2230 emendandi
520 2167 674 2229 rationem
699 2190 767 2230 essc
791 2168 962 2250 pessimam
980 2170 1004 2250 ¹)
1029 2172 1061 2232 et
1085 2169 1273 2235 Schuetzius
1310 2214 1316 2225 ·

103 2273 277 2338 Peerlczum
301 2274 377 2338 adeo
402 2274 531 2350 retellit‚
555 2273 636 2337 nihil
660 2277 695 2335 ut
720 2274 835 2337 addere
853 2297 929 2357 opus
945 2275 987 2337 sit
1004 2275 1040 2356 2)
1090 2275 1156 2338 Aut
1172 2277 1277 2341 Lehr·
1314 2300 1318 2309 ’

103 2382 143 2445 sic
166 2381 316 2445 assentiri
340 2381 501 2457 debemus,
532 2381 587 2464 qui
611 2381 755 2463 quamvis
775 2381 1009 2464 hypercriticus
1025 2385 1127 2444 totum
1144 2406 1274 2450 carmen

102 2489 225 2565 retinet,
251 2492 306 2551 aut
330 2511 402 2551 cum
426 2487 568 2571 Gruppio
592 2492 693 2550 totum
718 2510 845 2551 carmen
869 2488 1064 2551 reiciendum
1089 2494 1146 2554 est.
1194 2492 1274 2556 Ter-

101 2597 178 2658 tium
201 2618 262 2658 non
289 2597 392 2658 datur.

56 2670 59 2773 l
205 2702 328 2766 Peerlc.
364 2703 397 2764 in
430 2701 600 2784 repudiata
624 2702 773 2764 carminis
797 2706 899 2784 parte,
925 2724 1021 2784 quam
1045 2724 1061 2764 e
1085 2701 1275 2765 scholiasta·

102 2832 169 2873 mm
187 2809 301 2894 glossis
320 2813 421 2872 ortam
438 2830 505 2871 esse
522 2808 695 2871 arbitratus
713 2812 769 2884 est,
793 2808 895 2870 multa
910 2808 1041 2885 invenit,
1066 2809 1149 2890 qnod
1165 2831 1276 2891 repre·

101 2915 264 2992 henderet,
289 2939 423 2999 quorum
447 2920 553 2977 tamen
578 2914 705 2998 singula
728 2937 862 2997 quaeque
895 2914 1045 2978 Lueblrer
1068 2915 1222 2978 refutavit
1236 2915 1276 2996 3),

56 3024 59 3053 ³
102 3027 134 3086 nt
156 3024 248 3087 nobis
273 3023 350 3086 satis
378 3023 420 3085 sit
448 3024 487 3085 ad
512 3044 583 3085 eum
607 3021 751 3105 legentes
776 3022 952 3106 delegasse.
999 3020 1106 3084 Unum
1129 3026 1272 3104 tantum-

101 3131 188 3194 modo
214 3130 399 3193 adiciamus.
444 3129 567 3192 Mcrose
592 3129 742 3212 obiurgat
764 3129 872 3204 verba,
898 3151 969 3210 quae
993 3132 1067 3190 sunt
1089 3129 1200 3212 poribus
1216 3151 1273 3192 uo·

101 3240 157 3300 tris
180 3238 299 3300 (tardior
324 3236 460 3299 Cassiis
483 3237 575 3299 (locris
597 3237 760 3299 meditans.
801 3235 950 3313 ,Recte“,
972 3235 1087 3317 inquit,
1117 3236 1167 3313 ,in
1184 3241 1275 3298 antro

101 3345 291 3407 meditamur
315 3347 346 3406 et
370 3343 521 3414 canimus,
546 3366 608 3406 non
631 3347 738 3405 tamen
761 3348 797 3404 ut
817 3342 911 3426 longe
927 3343 1055 3425 lateque
1073 3342 1274 3405 audiamur“.

101 3450 178 3515 Haec
213 3450 416 3533 vituperatio,
453 3473 524 3533 quae
548 3450 694 3513 veritatis
720 3450 860 3532 speciem
885 3449 1127 3532 praeseferat,
1152 3449 1178 3510 si
1202 3448 1275 3530 quis

101 3561 190 3640 putet
213 3559 311 3620 verba
335 3557 445 3641 paitcos
468 3559 571 3621 orabis
594 3557 679 3619 idem
703 3555 885 3638 significare
909 3556 993 3638 quod
1016 3557 1051 3617 in
1074 3555 1185 3638 peritios
1209 3576 1273 3617 croc-

101 3667 157 3727 tris
193 3664 363 3741 evanescit,
392 3664 419 3726 si
448 3666 550 3726 sortiris
580 3686 637 3746 pro
661 3663 766 3725 dativo
791 3662 945 3725 habemus
970 3659 1034 3741 (scr
1057 3661 1078 3725 l.
1104 3661 1139 3724 af
1159 3660 1271 3724 hvilka

210 3909 227 3974 ¹)
247 3920 330 3965 nanos
351 3921 409 3965 aaa.

210 3999 228 4062 ‘''l
248 4009 295 4054 Ed.
314 4010 375 4054 Hor.
395 4022 452 4067 pag.
474 4010 533 4054 373.

210 4088 228 4152 ³)
248 4100 388 4144 sommant.
407 4111 467 4156 pgg.
488 4097 635 4143 cos—512.
