2766 4590
598 176 772 237 -14-

100 375 163 415 aces
191 374 316 436 ‹rprrora
344 355 491 433 sentiunt,
521 352 604 435 quod
628 352 846 435 hyperbolem,
871 357 907 416 ut
930 353 1021 416 aiunt
1044 351 1159 431 Graeci,
1180 374 1256 437 mag·
1320 402 1322 406 .

100 483 174 522 narn
209 459 392 523 contineant
420 460 566 543 quodque
590 459 694 542 pisces
718 459 857 522 sentiant
880 459 996 543 frigus,
1021 459 1168 536 calorem,
1190 463 1258 523 tem·
1316 479 1322 515 ῑ

100 570 269 649 pestatem,
294 589 356 628 non
380 566 519 629 sentiant
543 588 650 648 aequor
675 566 820 628 contrahi
835 569 966 648 propter
983 566 1119 630 aedificia
1134 589 1257 630 romana.
1316 586 1322 622 1

100 672 220 736 Tamen
255 673 324 736 haec
360 695 484 755 quoque
519 673 690 756 respuendi
726 695 821 736 causa
850 673 883 734 in
908 673 1089 755 opinatione
1112 672 1258 737 hominum
1316 726 1322 730 .

101 803 176 844 sane
212 803 308 863 qnam
343 779 432 843 varia
447 774 451 783 ’
466 780 570 863 magis
606 802 702 862 quam
730 779 763 842 in
791 778 914 842 ratione
943 779 1089 844 omnibus
1113 780 1260 864 probanda
1317 802 1322 857 j

101 887 205 970 posita
231 890 287 949 est.
335 884 541 969 Antiquiores
566 886 650 949 enim
673 886 865 969 interpretes
887 885 981 970 longe
1003 886 1101 949 aliam
1115 886 1285 971 habehant·
1317 920 1322 929 ·

101 994 292 1057 sententiam
327 994 365 1055 de
400 992 450 1055 his
478 993 632 1056 versibus.
682 991 729 1056 Ut
751 993 936 1069 Lambinus,
962 993 1138 1077 eleganter,
1162 992 1261 1076 inquit,

102 1105 134 1163 et
171 1104 304 1164 venuste
343 1099 445 1182 pisces
485 1099 530 1161 ait
568 1099 686 1182 sentire
726 1099 828 1163 maria
866 1100 937 1163 fieri
976 1101 1200 1177 contractiora,
1238 1103 1263 1162 et

102 1207 283 1271 Dacierius:
324 1205 403 1269 Haec
442 1206 600 1268 sententia
640 1210 687 1268 est
725 1205 935 1270 nobilissima:
977 1210 1140 1270 contracta
1174 1207 1262 1291 pisces

103 1337 231 1397 aequora
260 1313 402 1376 sentiunt
421 1312 456 1394 1).
503 1312 565 1376 Sed
588 1313 782 1394 ubicumque
806 1313 865 1376 hoc
888 1314 979 1376 modo
1005 1314 1186 1396 opinionem
1208 1312 1263 1396 opi·

102 1422 188 1484 nioni
216 1421 293 1484 licet
317 1441 484 1502 opponere,
514 1419 558 1482 ibi
583 1419 740 1503 probandi
764 1420 811 1482 vis
835 1420 940 1483 tenuis
965 1424 1013 1482 est
1035 1443 1213 1503 parumque
1233 1410 1265 1483 al

102 1527 358 1611 persuadendum
382 1526 505 1589 idonea.

210 1633 404 1717 Hyperbolae
434 1634 500 1697 sive
524 1633 669 1697 veritatis
693 1633 924 1715 superlationes
942 1633 967 1716 2)
991 1656 1054 1696 non
1077 1633 1169 1696 modo
1194 1632 1267 1716 apud

105 1763 210 1804 omnes
240 1742 379 1804 omnium
407 1745 586 1824 temporum
609 1743 729 1823 poetas,
766 1740 820 1802 sed
845 1740 942 1803 etiarn
966 1740 1050 1823 apud
1080 1762 1185 1822 prosae
1210 1761 1269 1803 ora-

104 1847 198 1910 tionis
222 1849 392 1931 scriptores
416 1848 562 1931 plnrimae
587 1847 802 1911 inveniuntur.
849 1845 956 1910 Pauca
979 1846 1054 1909 huic
1077 1845 1144 1910 loco
1163 1837 1272 1908 similia

105 1955 247 2037 exempla
281 1954 344 2018 huc
376 1955 550 2018 trahemus.
603 1954 679 2018 Sall.
704 1954 773 2017 cat.
800 1955 851 2030 13,
878 1955 893 2016 1
921 1975 940 2016 u
958 1955 1096 2036 privatis
1119 1953 1274 2016 subvorsos

104 2068 219 2124 arorites
253 2063 358 2123 inuris
393 2068 580 2142 catastructc,
615 2063 667 2135 20,
696 2063 734 2123 11
761 2063 796 2123 in
819 2061 987 2123 extruendo
1010 2061 1095 2122 artari
1118 2067 1146 2122 ct
1168 2062 1276 2123 inanti-

104 2167 160 2230 bus
194 2168 400 2251 cooptandis.
454 2166 519 2230 Ofr.
549 2168 597 2231 od.
622 2165 664 2230 ll:
692 2168 742 2244 18,
768 2168 821 2242 22;
848 2168 894 2230 od.
919 2165 978 2229 lll:
1004 2168 1057 2243 24,
1082 2167 1113 2242 3,
1138 2166 1196 2229 ubi
1219 2166 1277 2250 hy-

104 2273 234 2356 perbole
270 2274 367 2337 etiam
401 2274 501 2337 maior
537 2279 597 2337 est:
642 2276 795 2336 cernentis
835 2275 903 2336 licet
938 2293 1062 2356 occupes
1097 2273 1280 2356 tyrrhenum

105 2401 192 2443 osaiae
216 2382 278 2444 tuis
302 2388 329 2443 ct
351 2402 438 2444 aiore
461 2381 631 2464 apolicam.
678 2380 747 2443 Hoc
772 2383 857 2443 certe
881 2379 977 2442 etiam
993 2379 1097 2462 pisces
1113 2380 1282 2457 sentirent,

105 2504 233 2550 necesse
269 2492 347 2564 erat,
383 2487 502 2571 quippe
527 2487 642 2570 quibus
665 2508 705 2550 ne
729 2486 857 2550 vivendi
880 2485 1009 2569 quidem
1032 2486 1173 2568 spatium
1199 2490 1284 2550 esset

106 2593 263 2657 relictum.
310 2594 418 2677 Atque
442 2617 541 2677 quum
564 2593 739 2676 saepissime
756 2596 858 2675 poetae
874 2614 925 2655 res
942 2593 1053 2655 brutas
1075 2596 1107 2654 et
1123 2592 1285 2656 inanimae

106 2700 278 2764 sentientes
314 2701 554 2785 cogitantesque
583 2703 615 2762 et
642 2699 806 2780 loquentes
830 2699 992 2775 inducant,
1018 2698 1095 2780 quid
1118 2698 1152 2760 ni
1175 2699 1285 2781 pisces

107 2807 280 2871 sentientes
303 2807 409 2870 facere
433 2807 549 2870 liceat?
599 2803 637 2868 ln
662 2805 745 2888 epist
767 2803 792 2868 l:
813 2807 842 2883 1,
861 2805 903 2868 84
920 2804 1010 2868 lacus
1028 2807 1059 2867 et
1075 2824 1165 2867 mare
1180 2807 1287 2869 sentit

108 2936 247 2977 amorem
270 2913 451 2977 festinantis
476 2913 532 2976 eri.

216 3019 305 3095 Quod
330 3020 440 3083 dicunt
463 3019 577 3082 harum
601 3017 804 3101 stropharum
827 3015 1019 3081 sententiam
1040 3017 1184 3093 cumeis,
1212 3041 1287 3101 quae

106 3127 289 3208 praecedant
325 3131 356 3190 et
391 3129 575 3208 sequantur,
609 3146 672 3187 non
707 3124 875 3200 cohaerere,
911 3122 1063 3186 Lehrsius
1092 3122 1199 3187 docuit
1222 3123 1288 3189 hoc

108 3254 175 3296 esse
210 3233 373 3296 iniustum.
421 3231 579 3307 Ceterum,
615 3230 737 3293 utiam
762 3229 907 3306 diximus,
932 3251 1021 3313 aequo
1046 3229 1148 3292 animo
1173 3228 1286 3294 feren-

108 3338 183 3401 dum
207 3343 264 3415 est,
289 3339 317 3402 si
340 3339 373 3401 in
396 3339 447 3401 his
471 3336 626 3422 gnomicis
651 3335 845 3400 carminibus
868 3335 957 3399 laxus
982 3339 1029 3398 est
1052 3358 1160 3412 nexus,
1185 3359 1288 3419 quem

108 3468 148 3508 ne
165 3445 362 3509 athetesibus
378 3444 741 3527 transpositionibusque
762 3447 931 3520 mutemus,
955 3440 1091 3506 Peerlcti
1107 3446 1139 3505 et
1156 3441 1287 3528 Grnppi

66 3610 70 3618 .
109 3552 149 3614 ad
173 3552 397 3615 deterrendum
422 3550 654 3615 accommodato
678 3549 820 3632 exemplo
843 3549 921 3612 satis
946 3549 1160 3611 admonemur.

215 3710 276 3775 Vr.
300 3709 359 3775 lll:
385 3713 416 3789 3,
441 3711 573 3774 21-24
596 3709 756 3773 Lucianus
780 3707 916 3771 Mueller
940 3707 973 3770 in
998 3707 1045 3770 ed.
1071 3707 1146 3770 anni
1171 3709 1285 3773 18822i

109 3817 199 3880 uncis
235 3818 388 3901 appositis
423 3841 441 3881 a
475 3816 608 3899 reliquis
642 3815 781 3880 seclusit.
828 3813 963 3877 Additos
988 3835 1039 3877 eos
1063 3835 1131 3876 esse
1155 3816 1285 3896 putavit

185 4026 201 4089 ¹)
224 4038 312 4093 „cette
325 4036 474 4095 expression
487 4036 527 4080 est
540 4035 592 4080 fort
603 4034 687 4090 noble,
701 4033 739 4079 les
751 4033 872 4092 poissons
885 4033 986 4078 sentent
998 4031 1036 4077 les
1049 4045 1117 4077 mers
1130 4028 1282 4082 retrecies“.

185 4109 652 4178 hmummsm.'
