2766 4590
54 359 247 423 dohoratium
283 362 415 425 caedere.
463 361 515 424 Ad
545 361 751 424 refutandum
785 363 864 425 satis
888 366 936 425 est
960 385 1223 428 commemorasse

57 488 156 530 eorum
179 468 362 552 argumenti
386 468 629 551 explicationem
653 490 720 531 esse
744 468 859 531 falsam
884 474 916 532 et
940 492 1132 552 perversam.

155 574 231 650 Quae
256 575 289 637 in
306 575 445 638 carmine
461 575 530 638 iure
547 575 652 657 aliquo
665 575 856 658 reprehendi
872 580 1014 658 possunt,
1030 575 1152 640 Peerlc.
1170 577 1224 642 hic

60 685 90 744 ut
103 704 182 765 saepe
199 681 277 745 alias
299 682 382 745 solus
407 682 525 745 attulit.
573 681 645 745 Non
668 686 775 744 tamen
802 683 891 744 odam
917 683 1047 760 delevit,
1072 684 1128 746 sed
1152 707 1223 747 eam

65 788 215 853 obscuram
235 793 266 852 et
282 788 416 852 Horatio
440 789 490 852 vix
515 789 647 873 dignam
671 811 739 852 esse
764 790 900 873 putavit.
942 789 1015 872 lpse
1041 794 1149 853 autem
1172 791 1223 854 fa-

65 895 108 958 cili
126 901 155 959 et
171 895 286 958 eximia
303 896 484 959 coniectura
500 896 670 959 maximam
694 896 916 959 difficultatem
942 897 1089 980 dempsit.
1136 897 1221 961 Nam

65 1024 109 1084 pro
145 1007 297 1066 matorum
338 1004 435 1066 verbo
476 1004 527 1065 illi
561 1003 593 1066 in
628 1027 657 1066 v.
695 1004 713 1066 8
749 1003 878 1086 scripsit
917 1004 985 1083 illa,
1033 1026 1104 1087 quae
1141 1005 1221 1068 coni.

66 1107 191 1190 plurimis
233 1110 463 1174 recentioribus
507 1110 679 1173 editoribus
722 1109 819 1172 etiam
862 1109 990 1173 Kellero
1025 1111 1057 1172 in
1092 1110 1221 1194 Epileg.

43 1216 179 1311 ⁸probata
213 1221 270 1280 est.
330 1216 531 1299 Quamquam
565 1198 615 1280 vii
650 1217 720 1279 fieri
755 1220 870 1299 potest,
905 1221 941 1279 ut
965 1217 1096 1299 antiqua
1126 1217 1220 1282 lectio

10 1344 13 1352 ·
65 1320 263 1407 intellegatur,
289 1327 396 1387 tamen
421 1323 644 1406 explicationes
668 1344 786 1407 magna
810 1346 880 1386 cum
896 1324 1013 1387 fiducia
1031 1324 1100 1387 edd.
1122 1324 1222 1387 nimio

10 1439 13 1476 :
65 1430 252 1493 conservandi
275 1430 379 1493 studio
404 1431 533 1494 adducti
561 1429 771 1513 protulerunt.
823 1428 869 1493 U't
894 1430 1065 1494 Dacierius
1092 1435 1220 1514 etpost

10 1578 14 1582 -
67 1555 123 1598 eum
152 1535 376 1621 Stambcrgius
413 1541 518 1600 noster
556 1538 655 1600 verba
694 1537 751 1599 tibi
779 1538 893 1620 preda
927 1539 1019 1600 (sedat
1054 1538 1156 1600 mutor
1179 1559 1222 1601 (ra

65 1640 102 1703 illi
110 1642 152 1706 ita
174 1643 438 1727 interpretantur,
464 1648 499 1706 ut
523 1645 630 1707 dicant
653 1646 755 1706 errator
778 1666 834 1726 pro
858 1646 959 1727 rrrrcpis
975 1666 1043 1707 esse
1060 1644 1216 1727 scriptum

10 1771 14 1778 ¹
65 1750 88 1810 et
115 1753 212 1834 inopis
246 1751 332 1814 idem
367 1751 472 1814 valere
503 1752 585 1834 quod
607 1753 721 1833 pretias.
770 1749 851 1812 Tum
875 1754 1009 1832 uterque
1034 1750 1123 1813 addit
1146 1751 1220 1832 feli-

64 1855 164 1919 cissime
209 1857 270 1921 hoc
310 1880 377 1920 esse
417 1858 547 1934 dictum,
587 1861 623 1919 ut
663 1879 769 1920 omnes
808 1849 1022 1919 dubitationes
1048 1863 1219 1931 ,avertant

10 2006 12 2010 -
64 1956 164 2026 Tamen
201 1986 242 2026 ne
277 1964 533 2046 imperitissimus
568 1963 696 2047 quidem
736 1985 843 2026 corum
883 1963 1110 2046 discipulorum
1154 1986 1221 2026 arrr-

10 2093 12 2097 ·
63 2067 138 2131 luera
165 2093 222 2154 pro
254 2093 299 2147 eo,
324 2072 406 2154 quod
431 2075 479 2134 est
496 2072 614 2154 potius,
643 2070 831 2154 scripsisset.
879 2070 1031 2134 Homines
1056 2093 1127 2134 cum
1151 2071 1220 2133 ani·

10 2186 12 2193 '
62 2175 179 2240 malibus
216 2176 287 2239 aliis
315 2178 458 2241 conferre
486 2177 576 2240 nobis
606 2178 734 2260 quidem
762 2177 938 2261 saepissime
975 2177 1120 2259 ineptum
1150 2200 1218 2240 esse

10 2325 12 2329 -
63 2280 179 2372 ridetur,
211 2285 358 2366 antiquos
387 2284 481 2347 aliter
509 2284 645 2347 sensisse
670 2287 801 2347 constat.
850 2285 1063 2358 Quamobrem
1085 2306 1147 2345 non
1172 2288 1221 2347 est

10 2402 14 2409 '
62 2387 290 2472 u'tuperandum
313 2391 466 2454 feminam
490 2392 623 2454 leaenam
648 2396 679 2453 et
703 2395 878 2454 amatorem
902 2391 969 2454 eius
993 2389 1134 2454 catulum
1159 2414 1217 2474 ap-

10 2510 12 2515 ’
62 2494 167 2575 pellari.
220 2496 424 2579 Reprehendi
463 2498 568 2581 aliquo
606 2498 675 2562 iure
705 2502 811 2581 potest
839 2498 1008 2561 Horatium
1032 2497 1219 2581 allegoriam

35 2608 192 2673 nutasse.
243 2603 350 2667 Primo
375 2604 535 2687 Pyrrhum
559 2605 681 2668 inducit
705 2609 875 2668 venantem
904 2627 975 2668 curn
999 2604 1161 2687 indagine,
1186 2604 1220 2665 in

10 2701 12 2756 [
60 2728 138 2789 quam
165 2711 259 2774 irruit
290 2709 359 2795 (per
389 2712 540 2774 obstantes
565 2714 712 2774 irruemus
735 2712 1037 2794 autemuralleaena,
1068 2714 1104 2772 ut
1128 2713 1217 2773 catu-

34 2811 110 2881 lum
136 2822 252 2881 servet.
303 2818 428 2882 Deinde
463 2841 513 2881 res
548 2818 595 2881 ita
619 2819 820 2895 describitur,
846 2818 936 2901 quasi
961 2818 1003 2879 sit
1025 2817 1109 2879 inter
1132 2816 1215 2900 Pyr-

34 2914 37 2919 ’
60 2920 140 2986 rhum
164 2928 197 2988 et
218 2925 353 2988 leaenam
378 2930 538 2988 certamen
563 2925 735 3009 singulare,
760 2925 792 2987 in
814 2947 875 3007 quo
898 2924 1066 2988 Nearchus
1090 2927 1219 3007 recepta

58 3024 165 3094 iuvenis
189 3032 295 3116 figura
316 3036 348 3095 et
363 3033 472 3116 praeda
489 3037 521 3095 et
545 3032 665 3095 arbiter
688 3053 798 3115 pugna
823 3036 880 3094 est.
928 3030 1016 3095 Fieri
1039 3034 1153 3114 potest,
1179 3034 1214 3092 ut

56 3130 120 3201 H0r.
145 3138 185 3200 ad
208 3139 291 3203 hanc
314 3162 382 3203 rem
407 3139 547 3221 exemplo
572 3160 675 3221 graeco
701 3139 856 3201 adductus
880 3139 931 3212 sit,
955 3161 1030 3200 nam
1054 3138 1093 3200 ad
1111 3159 1216 3200 exem·

54 3241 130 3322 plum
152 3246 252 3329 graeci
276 3246 424 3309 carminis
449 3245 636 3309 concinnata
660 3249 707 3308 est
732 3245 835 3327 ode.1)
881 3243 927 3307 Ut
951 3245 1102 3325 litandos,
1129 3239 1216 3312 ἅπαξ

56 3342 100 3429 aa,
136 3373 240 3436 graeco
281 3353 387 3428 verbo,
429 3353 512 3434 quod
548 3356 596 3414 est
631 3348 775 3434 ἄτολμος,
801 3373 986 3414 conversum
1022 3369 1089 3413 csse
1114 3373 1215 3432 appa-

31 3458 141 3541 aar)
188 3457 251 3533 Sed
282 3459 396 3522 omissa
431 3460 492 3523 hac
516 3481 550 3522 re
574 3458 759 3523 Schuetaius
783 3462 869 3521 recte
894 3457 1118 3520 animadvertit
1148 3456 1216 3519 Ho-

53 3563 122 3628 ratio
150 3588 279 3629 necesse
308 3566 406 3629 fuisse
441 3565 636 3643 Nearchum,
673 3569 708 3629 ut
732 3587 888 3627 summanr
912 3564 979 3626 eius
1003 3564 1215 3646 pugnantium

52 3722 309 3734 *-

152 3811 169 3875 1)
190 3821 233 3868 cfr
250 3821 417 3878 Docringium
436 3823 455 3866 b
474 3821 633 3866 Schuazium.

151 3917 169 3981 ⁹)
190 3927 274 3981 Quum
292 3927 388 3973 Peerlc.
407 3899 485 3972 huius
505 3927 575 3972 verbi
594 3927 733 3972 novitatem
752 3925 957 3984 reprehenderet,
981 3938 1066 3970 secum
1078 3938 1129 3969 non
1142 3938 1217 3984 repu-

48 4013 112 4072 tavit,
137 4018 234 4074 quanta
258 4016 426 4073 singularium
444 4030 535 4062 vocum
554 4015 693 4061 multitudo
714 4014 782 4074 apud
800 4015 936 4060 Horatium
956 4016 1032 4060 esset.
1070 4014 1134 4059 Vide
1154 4015 1216 4059 Zan-

46 4116 115 4161 gem„
136 4104 303 4160 Rothmaler,
323 4105 423 4160 Waltz„
443 4105 516 4151 alios.
