2766 4590
592 205 767 269 ..39-

204 382 426 466 Hypercritici,
464 404 563 465 quum
590 382 726 446 multam
749 382 944 466 pravitatem
968 387 1000 446 et
1023 383 1269 466 perversitatem

125 491 148 554 iu
164 491 288 555 carmine
312 490 502 574 reperirent,
523 490 557 552 id
581 494 726 571 egerunt,
751 493 787 552 ut
804 489 915 553 critica
932 512 1033 554 vanno
1049 490 1159 573 paleas
1175 490 1268 554 tolle·

124 602 182 661 rent,
202 596 233 661 si
249 620 345 680 quem
361 596 503 680 scrupuli
527 596 619 660 valde
643 596 808 660 stimulent
830 596 852 659 do
869 601 1025 681 pungant,
1041 597 1123 660 nihil
1135 597 1269 661 forsitan
1320 636 1324 644 ·

121 726 279 789 germanum
302 703 423 767 habere
447 703 535 780 velit,
564 703 626 766 nisi
650 704 733 787 quod
758 703 797 767 ab
822 704 967 767 omnibus
991 704 1147 768 intactum
1170 705 1268 768 reliu-

121 813 210 895 quitur,
233 835 309 875 nam
331 811 465 889 nescias,
491 811 542 874 cui
565 811 644 874 fides
668 811 710 874 sit
733 811 891 874 habenda.
940 811 1027 893 Ergo
1050 812 1077 874 si
1093 815 1158 876 tres
1176 813 1267 876 dum·

119 923 181 982 taxat
194 919 329 982 maxime
345 914 487 1001 insignes
504 917 745 1001 hypercritioos,
762 916 951 994 Peerlcmm,
965 917 1145 996 Lehrsium,
1160 919 1267 1004 Grup·

118 1027 182 1109 pium
203 1024 410 1109 respicientes
434 1025 588 1101 videmus,
613 1025 689 1108 quid
714 1023 912 1101 sustulerint,
938 1038 978 1088 er'
997 1025 1092 1088 huius
1117 1026 1268 1090 carminis

117 1133 237 1197 undecim
261 1131 401 1215 strophis
425 1130 485 1195 hoc
508 1135 624 1194 restat:

341 1317 503 1362 Crescentem
523 1315 640 1373 sequitur
658 1329 718 1361 cura
737 1316 872 1374 pecuniam

340 1406 518 1463 Malorumque
537 1405 626 1459 fomes,

116 1584 143 1627 ne
172 1563 234 1626 hilo
275 1561 404 1644 quidem
444 1559 598 1642 amplius!
657 1558 871 1642 Simplicitate
917 1559 1071 1622 eiusmodi
1113 1560 1268 1643 poematis

95 1671 312 1755 ¹stupescimus,
337 1667 420 1751 quod
444 1667 652 1749 compositum
677 1670 725 1729 est
746 1689 762 1729 e
783 1666 978 1749 sesqualtero
1000 1689 1094 1730 versu
1111 1667 1267 1750 asclepia·

116 1776 156 1840 deo
178 1778 298 1840 minore
328 1778 359 1838 et
383 1773 524 1839 continet
547 1795 699 1857 maguam
722 1773 901 1836 veritatem.
948 1772 1062 1856 Neque
1086 1777 1194 1837 tamen
1218 1774 1268 1837 fa·

116 1904 167 1948 cere
188 1904 364 1967 possumus,
389 1881 466 1964 quin
491 1880 682 1956 dubitemus,
706 1903 783 1943 uum
806 1880 948 1943 futurum
970 1880 1077 1954 fuerit,
1102 1885 1138 1943 ut
1154 1881 1269 1945 Horati

115 1990 206 2054 melica
235 2010 333 2053 aurea
360 1987 417 2050 illa
445 2010 583 2050 romanae
607 2009 737 2071 poeseos
762 1990 856 2050 aetate
880 1987 978 2049 tantis
1001 1986 1149 2050 laudibus
1174 1988 1268 2051 effer·

115 2101 212 2174 rentur,
249 2096 276 2159 si
311 2099 378 2157 tam
412 2093 527 2156 mutila
550 2093 696 2169 fuissent,
721 2093 861 2156 sednon
885 2097 990 2176 potest
1014 2094 1165 2165 dubitari,
1191 2095 1268 2176 quin
1333 2086 1337 2095 ⁸

115 2205 186 2285 pueri
219 2202 352 2278 romani,
388 2201 443 2284 qui
477 2224 540 2264 non
567 2201 636 2264 sine
665 2201 778 2264 sudore
803 2200 944 2264 carmina
968 2200 1083 2264 Horati
1107 2201 1268 2265 memoriae

114 2308 307 2387 inculcabant,
331 2309 417 2372 illius
440 2308 593 2391 temporis
616 2307 840 2391 hypercriticis
865 2307 1008 2371 doctrina
1031 2309 1268 2372 abundantibus

114 2418 213 2500 gratias
238 2416 342 2482 acturi
364 2415 494 2492 fuerint,
529 2415 557 2478 si
582 2415 690 2490 obelis,
715 2415 923 2491 athetesibus,
949 2415 1106 2478 cerauniis
1131 2414 1267 2497 aliisque

114 2525 243 2589 censoriis
266 2523 350 2587 notis
375 2523 478 2585 omnia
503 2522 644 2586 carmina
667 2544 759 2604 paene
784 2521 824 2583 ad
846 2520 969 2583 nullum
994 2521 1160 2586 redissent.

200 2629 377 2696 Concordia
412 2629 510 2692 trium
544 2628 671 2691 illorum
695 2628 877 2692 criticorum
900 2627 1017 2690 misera
1041 2631 1099 2692 est.
1146 2627 1267 2693 Peerlc.

113 2736 260 2801 minimum
284 2737 380 2812 delet,
405 2737 460 2799 sed
485 2737 524 2799 ab
550 2735 621 2798 aliis
645 2735 737 2798 valde
762 2735 932 2818 discrepat.
979 2733 1043 2798 Str.
1070 2736 1099 2811 l,
1124 2737 1155 2812 3,
1181 2737 1211 2812 4,
1237 2736 1267 2811 7,

115 2842 143 2905 ll
165 2867 322 2929 germana
346 2846 421 2906 sunt
445 2843 530 2926 apud
546 2842 727 2919 Lehrsium,
752 2841 870 2924 spuriae
888 2842 973 2925 apud
991 2841 1186 2925 Gmppium3
1211 2846 1267 2906 st.

114 2947 136 3024 8,
156 2953 182 3028 9,
206 2953 247 3015 10
284 2972 445 3034 gernranae
481 2952 555 3012 sunt
590 2949 673 3031 apud
698 2947 889 3031 Gruppium,
914 2948 1031 3031 spuriae
1057 2949 1141 3031 apud
1165 2948 1267 3011 Lehr-

113 3054 186 3121 sium.
224 3057 374 3141 Regnum
399 3056 650 3139 hypercriticum
666 3054 836 3117 manifesto
853 3077 961 3118 secum
977 3054 1083 3138 ipsum
1099 3055 1267 3118 discordat.

114 3158 256 3249 Gruppins
286 3163 440 3247 queritur,
471 3163 554 3245 quod
574 3161 696 3226 Peerlc.
721 3162 754 3224 in
770 3161 829 3226 hoc
846 3162 985 3225 carmine
1001 3162 1168 3225 tractando
1184 3184 1267 3245 prae·

113 3271 326 3335 stantissimum
350 3292 427 3353 opus
443 3292 505 3333 nou
522 3269 667 3342 ediderit,
684 3269 837 3332 Lehrsius
854 3291 925 3332 cum
941 3267 1178 3331 fraudatoribus
1194 3289 1268 3331 con·

112 3377 281 3442 cordaverit.
332 3376 437 3440 Triste
466 3376 625 3439 mehercle
657 3379 689 3439 et
713 3376 865 3438 acerbum
889 3384 938 3438 est
963 3373 1107 3450 Lehrsio,
1133 3373 1188 3456 qui
1211 3396 1267 3456 pro

111 3481 181 3547 virili
202 3489 295 3568 parte
320 3506 449 3567 operam
472 3482 612 3558 navavit,
637 3488 673 3545 ut
696 3481 825 3544 fraudes
847 3482 1023 3564 detegeret,
1042 3503 1060 3542 a
1076 3479 1158 3542 socio
1175 3480 1268 3563 argui

67 3580 71 3679 ζ
109 3608 136 3652 se
156 3614 223 3655 cum
246 3591 336 3655 miris
360 3590 430 3653 istis
452 3593 485 3652 et
500 3589 664 3653 sceleratis
680 3588 862 3652 hominibus
880 3587 1067 3663 consentire,
1092 3586 1148 3669 qui
1164 3609 1268 3670 neque

108 3695 204 3779 gloriae
235 3697 449 3781 adipiscendae
472 3718 575 3779 neque
599 3696 649 3758 sui
673 3694 876 3759 emolumenti
901 3716 996 3757 causa
1019 3691 1148 3773 (nomen
1171 3692 1267 3756 nimi-

106 3823 166 3867 rum
200 3805 379 3888 dilegenter
403 3802 569 3867 celandum
594 3805 672 3878 erat,
707 3824 747 3865 ne
776 3801 879 3865 scelus
902 3799 1096 3883 patefieret),
1131 3800 1188 3862 sed
1210 3821 1268 3862 ne-

104 3908 191 3975 fanda
213 3911 338 3975 malitia
361 3914 566 3994 posterosque
591 3908 737 3972 eludendi
760 3908 864 3970 studio
890 3907 1018 3971 adducti
1039 3905 1269 3990 interpolantes

103 4039 168 4082 acre
203 4023 364 4082 certamen
398 4019 565 4080 moverunt
593 4020 625 4078 et
653 4015 768 4078 Horati
791 4014 984 4097 interpretes
1007 4013 1041 4076 in
1064 4013 1140 4076 bina
1164 4018 1269 4077 castra

99 4124 211 4189 infesta
236 4125 422 4190 eduxerunt.
