2766 4590
555 174 730 236 -33-

85 352 256 430 dictumest,
281 351 435 415 Horatius
458 374 520 414 11011
549 355 597 414 est
624 351 907 434 praestantissimus
931 351 964 416 in
988 351 1055 415 odis
1078 351 1228 436 politicis,

84 481 189 542 quarum
222 459 292 523 haec
326 458 457 522 minime
492 459 607 522 eximia
639 462 697 522 est.
743 457 790 521 Ut
813 480 919 522 omnes
943 458 1230 541 hypercriticorunn

10 645 16 655 ·
81 567 215 650 opiniones
253 566 511 649 praetermittam,
546 570 674 629 tantum
712 569 812 629 restat
850 566 1158 649 reprehendendxun,
1193 572 1229 630 ut

10 678 13 681 ’
79 677 170 756 optem,
204 695 245 736 ne
281 695 409 736 carmen
432 672 547 735 Horati
571 673 623 735 sit.
670 671 786 736 Statim
814 676 921 735 tamen
946 673 1061 736 addere
1085 673 1154 738 volo
1176 697 1228 738 me

53 801 122 842 .non
150 802 239 863 posse
276 780 321 843 eis
357 779 515 854 assentiri,
552 779 607 862 qui
641 782 756 862 putent
789 782 857 842 tota
893 779 1034 842 carmina
1062 780 1172 864 spuria
1195 781 1229 845 in

12 874 16 882 ¹
76 884 170 949 Horati
198 887 327 970 scriptis
356 887 469 950 inesse.
517 885 636 948 Mirum
660 885 812 948 estnihil
835 886 868 947 in
893 887 952 949 oda
975 885 1012 949 L.
1037 886 1240 951 Muellerum

72 992 230 1071 offendisse,
267 993 392 1077 Gruppi
427 993 536 1056 Minoa
564 1015 634 1055 eam
657 992 752 1076 plane
776 993 925 1076 ignorare
948 993 1061 1070 videri,
1085 992 1228 1059 Aeacum

72 1099 192 1163 breviter
226 1101 427 1183 strictimque
463 1098 628 1162 dumtaxat
662 1099 823 1183 attingere
848 1099 954 1182 aliquo
977 1098 1044 1164 loco
1069 1101 1228 1166 dicentem

69 1227 126 1268 eam
147 1207 208 1270 sibi
232 1229 301 1270 esse
324 1206 596 1290 suspectissimam
620 1210 651 1268 et
676 1206 736 1269 alio
760 1206 827 1270 loco
852 1229 885 1269 se
908 1205 1227 1292 Peerlcampiumque

69 1333 125 1374 eain
157 1314 298 1395 spuriam
322 1313 452 1377 habere.
500 1312 565 1376 Diu
589 1313 750 1376 dubitasse
775 1313 911 1390 videtur,
936 1308 1107 1396 antequam
1131 1338 1226 1400 repu-

68 1417 163 1496 diaret,
187 1420 221 1483 id
245 1421 328 1503 quod
344 1420 404 1484 hoc
420 1420 453 1482 in
470 1421 611 1483 carmine
627 1400 716 1483 nobis
732 1420 862 1483 minime
880 1420 1083 1503 opinantibus
1100 1424 1226 1488 accidit.

37 1534 41 1543 “
68 1523 217 1590 Extremas
242 1528 320 1590 duas
344 1527 491 1610 strophas
507 1527 571 1589 iam
588 1530 661 1589 ante
676 1526 855 1590 Peerlc:um
871 1527 1081 1592 Duhamelius
1097 1531 1227 1613 quidam

66 1632 141 1696 obelo
156 1635 289 1697 notavit.
324 1633 491 1698 Acerrime
508 1656 636 1698 carmen
651 1638 798 1698 vexatum
815 1638 863 1697 est
879 1658 897 1697 a
912 1633 1065 1711 Peerlcto,
1082 1636 1226 1717 Lehrsio,

64 1735 228 1818 Schuetnio,
265 1763 399 1823 quorum
426 1739 462 1803 P.
487 1744 586 1804 totam
612 1741 712 1817 odam,
737 1740 774 1804 L.
800 1745 955 1804 extremas
980 1745 1044 1805 tres
1068 1745 1225 1827 strophas.

63 1842 90 1907 S.
120 1847 238 1930 primas
273 1855 339 1911 tres
374 1852 430 1911 str.
466 1848 659 1930 repudiavit.
707 1845 824 1911 Omnes
848 1852 913 1911 tres
937 1848 1225 1915 vehementissimis

63 1953 154 2016 uerbis
188 1955 238 2017 usi
274 1959 357 2017 sunt.
381 1953 503 2018 Peerlc.
530 1958 562 2017 et
591 1953 743 2017 Lehrsius
773 1958 928 2018 extremas
953 1955 1025 2018 illas
1049 1959 1105 2019 str.
1130 1957 1226 2022 irrisu

27 2104 30 2115 .
64 2061 163 2124 acerbe
187 2061 395 2124 insectantur.
447 2060 587 2138 ,Quibus
605 2061 807 2138 ·cachinnis¹‘,
832 2062 936 2144 inquit
952 2061 999 2139 P,
1021 2063 1226 2140 ,hodiernum

61 2170 174 2246 poetam
200 2167 426 2250 exciperemus,
451 2167 479 2229 si
502 2167 580 2230 talia
596 2169 782 2245 scriberet“‚
808 2172 840 2232 et
855 2168 1007 2232 Lehrsius
1023 2171 1124 2233 multa
1139 2172 1224 2236 ioca·

62 2275 113 2349 tus,
139 2274 287 2357 „ineptiae
303 2274 450 2351 harum“,
474 2275 589 2357 inquit,
619 2275 839 2358 „stropharum
855 2276 951 2338 trium
969 2277 1074 2340 verbis
1092 2279 1223 2360 exprimi

59 2366 113 2441 noir
133 2362 297 2462 possunt“.

154 2487 182 2550 Ε
205 2487 315 2550 multis
338 2487 647 2570 reprehensionibus
672 2510 742 2571 quae
760 2511 778 2550 a
793 2489 871 2551 viris
887 2489 951 2552 iam
973 2493 1224 2556 commemoratis

58 2591 153 2656 allatae
176 2598 261 2670 sunt,
286 2594 407 2677 aliquot
430 2595 532 2678 primo
557 2599 687 2678 aspectu
705 2595 831 2671 cadunt,
847 2599 957 2680 utpote
974 2620 1044 2680 quae
1062 2622 1080 2661 a
1096 2599 1222 2682 vitupe-

58 2700 142 2762 randi
165 2700 299 2764 libidine
315 2702 467 2784 profectae
485 2701 558 2765 sint.
598 2701 643 2765 Ut
659 2701 780 2766 Peerlo.
805 2704 845 2765 ad
861 2705 960 2768 verba
976 2713 1071 2768 oporte
1087 2708 1223 2769 canalem

10 2846 13 2897 3
52 2809 157 2887 petisse
192 2790 321 2870 locarant
355 2808 424 2872 haec
460 2810 637 2872 annotavit:
684 2810 789 2893 ,Ergo
824 2810 910 2895 Aug.
946 2816 1087 2874 mortuus
1116 2813 1221 2877 rediit.

54 2911 131 2976 Nam
155 2914 210 2997 qui
235 2915 438 2997 consequitur
461 2915 586 2978 laurum
608 2919 709 2978 morte
725 2917 881 2995 venalem,
899 2919 925 2980 is
941 2940 1003 2980 11011
1020 2919 1223 3000 consequitur

10 3026 12 3035 '
53 3020 109 3083 11101
130 3021 234 3104 pretio
256 3022 401 3084 mortis“.
436 3021 510 3085 Nisi
533 3022 568 3084 P.
594 3026 705 3105 suopte
729 3023 858 3106 ingenio
881 3027 983 3107 poetae
1008 3025 1106 3088 verba
1131 3026 1222 3108 quasi

52 3127 170 3210 capillis
194 3128 322 3191 trahere
346 3117 506 3205 voluisset,
531 3128 749 3206 intellexisset,
774 3139 869 3193 morte
893 3131 996 3193 eenole
1018 3154 1080 3194 non
1105 3154 1173 3195 0000
1189 3133 1222 3196 id

50 3236 129 3317 quod
163 3235 235 3318 quis
259 3236 333 3299 vitae
357 3236 481 3299 iactura
505 3236 695 3319 assequitur,
721 3239 777 3301 sed
800 3239 833 3301 id
856 3237 938 3319 quod
955 3237 1026 3318 quis
1043 3239 1117 3301 vitae
1133 3239 1220 3322 peri-

48 3341 114 3404 culo
139 3342 352 3424 consequitur,
374 3343 490 3406 utiam
507 3344 721 3426 antiquissimi
739 3349 770 3408 et
786 3343 1012 3427 simplicissimi
1029 3345 1220 3426 interpretes

50 3449 294 3531 explicaverunt,
318 3448 516 3514 Pseudoacro
541 3457 573 3515 et
597 3453 716 3534 Cruqui
741 3454 977 3528 commutator,
1002 3452 1057 3533 qui
1074 3455 1218 3515 vocatur:

47 3554 159 3618 Mortis
183 3558 266 3618 0111ἶο1
289 3564 462 3639 contemptu
486 3559 556 3620 11100
575 3561 711 3620 uictoriae
727 3559 882 3640 proteritur
898 3564 925 3619 ct
941 3557 1101 3640 b'iaocpbi.
1121 3595 1161 3602 -
1178 3557 1218 3623 V.

49 3663 98 3737 13,
120 3664 162 3726 14
185 3663 250 3744 Hic
266 3664 331 3726 dics
346 3685 413 3726 oenc
429 3663 507 3726 101111
521 3664 620 3744 festas
636 3671 724 3727 obus
740 3666 969 3726 enarraremus.
987 3662 1050 3726 Hic
1067 3663 1102 3726 P.
1121 3687 1218 3728 auno-

46 3769 140 3833 tavit:
170 3769 288 3847 ,Quasi
311 3769 388 3833 Hor.
415 3770 485 3833 aliis
510 3770 621 3833 diebus
645 3793 703 3853 per
723 3774 824 3833 totum
841 3793 958 3832 annum
976 3770 1052 3833 atris
1070 3770 1218 3834 01111011-

45 3880 133 3939 reret
157 3879 358 3959 0001000110*Ι
394 3876 485 3940 Talia
508 3900 599 3941 nemo
624 3877 728 3940 dicere
752 3882 866 3959 potest,
890 3877 953 3940 nisi
977 3878 1032 3960 qui
1048 3879 1217 3961 praemedi-

42 3984 128 4045 tatus
153 4005 226 4046 cum
250 3983 355 4047 animo
379 4006 433 4047 suo
464 3985 576 4048 statuit
592 3984 785 4067 vituperare.
825 3983 947 4067 Siquis
965 3985 1056 4048 dicit:
1081 3985 1134 4049 hic
1151 3985 1218 4049 dies

40 4088 142 4152 festus
159 4094 218 4167 est,
244 4089 338 4153 hodie
356 4113 461 4154 omnes
479 4114 570 4155 011100
587 4092 752 4174 deponam,
770 4095 825 4154 aut
848 4093 994 4157 stultitiae
1011 4097 1066 4155 aut
1082 4093 1216 4158 malitiae

1096 4207 1110 4250 a
