2766 4590
566 224 740 287 -71-

50 403 130 480 erit,
157 402 249 495 ‚licet
283 401 359 465 talis
392 402 585 487 significatio
620 403 654 466 in
688 403 791 467 lIteris
819 405 910 469 nobis
934 407 1062 470 traditis
1085 430 1244 491 nusquam

47 510 138 574 alias
167 513 255 575 certe
280 510 401 574 ostendi
424 511 534 594 possit.

171 617 252 682 Haec
288 618 345 681 ode
380 640 443 681 una
467 640 484 681 e
507 617 701 702 longissimis
724 617 841 682 Horati
871 623 928 683 est.
976 620 1045 695 Qua
1069 644 1103 684 re
1127 625 1163 685 ut
1186 623 1250 685 im·-

47 726 153 810 petui
189 725 477 809 hypercriticorum
512 725 615 809 magis
644 726 790 803 obicitur,
814 727 860 789 ita
883 727 987 790 minus
1011 727 1048 790 fit
1070 728 1244 793 verisimile

46 855 128 897 eam
170 855 240 897 esse
275 833 427 916 spuriam.
464 832 617 896 Horatius
651 832 736 896 inter
770 855 907 897 summos
944 838 976 898 et
1010 835 1134 898 infimos
1159 835 1243 899 cele-

45 940 266 1004 bratissimus
302 944 371 1004 erat
404 962 605 1004 romanorum
639 944 744 1023 poeta,
784 963 882 1023 quare
921 941 948 1004 is
986 942 1187 1024 potissimum
1226 966 1245 1006 a

47 1047 191 1112 Gaesare
227 1046 368 1111 delectus
397 1050 455 1122 est,
491 1051 527 1110 ut
561 1069 689 1111 carmen
724 1047 876 1111 saeculare
911 1048 1076 1125 scriberet,
1116 1049 1150 1111 in
1185 1049 1246 1113 viis

47 1153 245 1237 pluteisque
280 1153 382 1238 digito
415 1153 679 1237 praetereuntium
713 1155 951 1218 monstrabatur
989 1177 1127 1218 romanae
1166 1156 1246 1239 lyrae
1305 1150 1308 1155 ’

48 1260 192 1338 fidicen,
230 1282 337 1324 omnes
372 1261 490 1325 eruditi
514 1261 636 1324 romani
666 1260 807 1324 carmina
837 1260 903 1325 eius
927 1262 1055 1345 penitus
1079 1267 1247 1327 noverunt.

50 1366 142 1442 Quae
180 1389 278 1450 quum
312 1368 359 1431 ita
394 1372 509 1443 essent,
546 1367 699 1450 quomodo
736 1367 888 1432 credibile
923 1373 1029 1452 potest
1064 1391 1132 1432 esse
1162 1369 1246 1433 intra

51 1474 280 1538 brevissinum
303 1478 430 1558 tempus
442 1474 544 1539 literis
557 1478 589 1538 et
606 1474 728 1538 artibus
740 1475 876 1538 maxime
886 1475 1073 1539 florentibus
1094 1477 1247 1540 memoria

53 1584 171 1664 poetae
208 1581 329 1645 recenti
365 1604 492 1645 carmen
528 1603 545 1644 e
582 1583 622 1645 19
657 1581 797 1664 strophis
833 1583 1041 1665 compositum
1070 1583 1103 1645 in
1131 1582 1247 1647 Horati

54 1689 188 1772 scripta
221 1687 333 1752 furtim
368 1688 493 1751 illatum
529 1688 659 1771 eiusque
694 1688 820 1751 nomine
855 1688 999 1752 fucatum
1023 1690 1247 1753 circumlatum

57 1799 157 1860 esse?
204 1794 399 1859 Confiternur
433 1817 562 1859 carmen
596 1799 704 1858 nostra
739 1795 868 1878 quidem
897 1819 1008 1860 norma
1032 1796 1248 1860 iudicantibus

56 1924 127 1966 non
153 1923 222 1965 esse
245 1901 330 1965 inter
354 1902 474 1985 optima
497 1902 689 1978 habendum,
714 1902 747 1965 id
771 1903 854 1985 quod
865 1907 1023 1986 praeterea
1036 1903 1076 1966 ad
1092 1902 1249 1986 pleraque

59 2008 210 2073 carmina
233 2007 330 2092 longa
352 2009 504 2091 pertinet,
529 2009 584 2072 sed
609 2009 812 2092 antiquorum
836 2010 941 2093 opinio
958 2010 1052 2094 longe
1070 2010 1132 2073 alia
1148 2010 1248 2074 fuisse

59 2116 205 2192 videtur,
240 2137 316 2177 nam
339 2116 390 2179 vix
414 2115 477 2178 alia
506 2115 564 2180 ode
591 2115 759 2180 horatiana
782 2116 899 2199 saepius
923 2140 1019 2200 quarn
1042 2117 1112 2180 haec
1137 2118 1176 2179 ab
1202 2117 1250 2180 eis

62 2225 312 2286 commemorata
337 2226 385 2286 est
406 2222 458 2286 vel
481 2222 627 2306 pluribus
650 2224 840 2286 testimoniis
855 2223 998 2289 fulcitur.
1035 2223 1143 2307 Atque
1158 2223 1250 2287 nulla

64 2333 116 2392 est
153 2351 259 2405 causa,
296 2351 352 2392 cur
380 2351 451 2392 eam
479 2328 612 2393 Horatio
637 2329 865 2406 abiudicemus,
890 2329 951 2392 nisi
975 2330 1047 2412 quis
1072 2331 1181 2394 credat
1215 2332 1249 2394 in

63 2436 137 2499 odis
173 2435 240 2499 eius
275 2435 356 2498 nihil
392 2458 460 2500 esse
494 2436 618 2512 nrelius,
653 2435 734 2498 nihil
765 2436 915 2512 deterius,
940 2437 995 2499 sed
1018 2441 1147 2520 poetam
1169 2460 1257 2501 uno-

64 2563 195 2625 quoque
229 2542 383 2625 temporis
417 2546 574 2606 momento
614 2542 791 2625 perfectam
825 2542 1074 2625 pulchritudinis
1109 2543 1250 2626 speciem

65 2648 228 2732 attigisse.

536 3382 791 3482 XXVIII.

180 3609 250 3673 Hoc
275 3632 403 3673 carmen
428 3609 590 3693 Gruppius
613 3610 647 3672 in
670 3608 763 3685 libro,
788 3609 843 3692 qui
867 3608 996 3672 inscrib.
1036 3607 1146 3685 Aeac,
1171 3629 1251 3692 pag.

73 3717 152 3794 439,
191 3738 380 3800 germanum
416 3738 483 3779 esse
518 3715 654 3799 putavit,
690 3715 803 3778 sedin
837 3736 912 3798 pag.
942 3715 1005 3777 569
1036 3714 1154 3778 eisdem
1177 3714 1253 3777 libri

70 3822 292 3906 suimetipsius
315 3823 480 3885 immemor
504 3822 583 3885 dixit
605 3844 667 3885 non
683 3843 781 3904 supra
798 3842 904 3884 omnes
920 3821 1114 3903 suspiciones
1132 3820 1253 3883 elatum

72 3952 152 3994 esse.
201 3928 306 4004 Quum
330 3951 401 4011 quse
425 3933 530 3992 essent
553 3929 623 3993 istae
647 3928 852 4011 suspiciones,
876 3950 938 3990 non
962 3927 1086 4004 dixerit,
1111 3926 1173 3989 sibi
1194 3926 1253 3990 soli

73 4059 128 4100 eas
151 4036 281 4100 habeat.
328 4035 431 4100 Nemo
455 4036 536 4099 alius
553 4035 728 4118 quidquam
743 4033 990 4117 reprehensione
1006 4032 1057 4097 vel
1073 4032 1255 4116 suspicione

74 4143 209 4229 dignum
232 4143 364 4207 invenit.
