2766 4590
574 193 748 255 ,66-

10 390 14 461 :¹
56 386 90 466 7,
118 389 141 450 8
171 385 382 466 abiudicavit,
407 388 558 452 Lueblxer
581 393 637 452 str.
664 390 705 452 14
729 389 828 452 666116
852 389 988 472 obliquis
1013 390 1145 473 aspexit,
1163 390 1246 455 Mei-

10 480 12 531 Ϊ
54 495 184 558 661166
210 498 267 558 str.
299 497 317 558 6
342 495 453 558 tollere
477 495 586 571 voluit,
611 494 796 558 Schuetxius
826 497 917 579 quasi
941 497 1066 579 spurias
1090 499 1247 581 excerpsit

51 606 117 665 str.
146 602 183 678 5,
209 603 240 678 6,
268 603 309 664 ll
333 605 365 665 61
387 625 436 665 vv.
463 602 593 665 63-16
619 600 693 686 (age
718 607 749 665 te
775 640 815 646 -
840 605 979 666 barbara
995 604 1109 687 paelex)
1127 607 1159 667 et
1175 605 1245 668 ani·

51 731 134 772 mus
163 709 195 772 ei
220 708 397 784 inclinavit,
422 711 457 771 61
481 709 578 771 etiam
602 713 658 772 str.
691 711 741 786 12,
774 712 824 787 13,
855 712 894 773 15
924 711 1074 788 abiceret,
1099 712 1126 774 si
1148 734 1246 794 prop-

48 820 110 880 ter
149 815 387 878 sententiarum
420 837 534 878 nexum
569 816 640 878 fieri
673 817 787 899 potuit,
824 817 860 881 L.
891 816 1026 880 Mueller
1051 819 1182 901 optavit,
1207 841 1246 882 ne

50 945 200 988 carmen
236 923 276 985 ab
312 921 444 985 Horatio
468 921 623 1004 scriptum
652 929 735 986 esset
753 924 788 1005 ¹),
818 929 849 987 et
873 924 905 986 in
930 929 1070 987 extrema
1094 925 1142 988 ed.
1168 925 1247 988 dicit

48 1035 117 1094 str.
163 1031 203 1092 11
241 1029 328 1092 haud
356 1029 451 1092 dubie
474 1028 553 1092 falso
578 1051 646 1093 esse
670 1031 832 1107 insertam,
858 1032 941 1113 quod
964 1031 1118 1115 languida
1142 1036 1174 1095 et
1198 1032 1246 1096 vi-

49 1138 98 1202 lis
125 1137 185 1200 sit.

105 1244 199 1320 Quid
223 1244 295 1320 tibi,
320 1243 375 1326 qui
397 1243 516 1327 legisti,
541 1245 605 1306 ianr
628 1244 773 1307 videtur?
809 1243 897 1307 Inter
920 1246 978 1308 has
992 1246 1246 1310 doctissimorum

51 1353 212 1417 virorum
236 1351 274 1414 de
300 1351 439 1414 carmine
463 1351 658 1414 restituendo
683 1351 845 1433 opiniones
857 1352 918 1415 tibi
930 1351 1032 1415 libera
1045 1353 1138 1415 datur
1152 1353 1245 1436 optio,

50 1464 97 1522 61
124 1481 202 1522 eam
227 1457 346 1541 elegos,
375 1480 446 1540 6666
475 1458 534 1520 tibi
557 1458 692 1520 maxime
717 1458 866 1534 arrideat,
892 1461 924 1521 et
947 1463 1080 1536 statuas,
1105 1460 1181 1542 quid
1206 1462 1246 1523 ab

56 1566 218 1642 Horatio,
256 1565 491 1648 elegantissimo
526 1568 620 1647 poeta
643 1587 781 1641 romano,
812 1565 966 1647 scriptum
989 1566 1041 1641 611,
1066 1567 1181 1648 quidve
1205 1568 1247 1631 sit

53 1672 334 1755 interpolatorum
371 1694 447 1754 opus
481 1672 594 1735 inscite
629 1666 751 1735 tactum
786 1671 982 1751 (sonderbar,
1010 1673 1245 1752 tadelnsuerth,

55 1779 302 1863 6661166161,
327 1778 577 1862 geschmaclxlos‚
599 1779 1244 1866 66116161,66661116161611,6661116616,
1311 1831 1313 1834 .

56 1886 227 1970 lappisch‚
253 1886 404 1961 thoricht
429 1885 580 1960 11661161,
604 1884 789 1963 1161661161,
814 1885 949 1962 1166166,
962 1886 1064 1949 heller
1076 1887 1242 1965 Blddsinm

59 2016 141 2078 quae
180 1993 286 2056 omnia
321 2016 339 2055 a
368 1992 487 2056 criticis
511 1993 575 2054 iam
599 1993 851 2055 commemoratis
876 1993 914 2055 de
937 1994 997 2056 hoc
1021 1993 1160 2056 carmine
1184 1995 1245 2057 mi-

55 2124 138 2166 sero
176 2100 261 2164 dicta
296 2100 393 2182 sunt).
440 2099 599 2181 Equidem
627 2099 689 2162 nisi
714 2100 875 2162 crederem
899 2105 1001 2163 totum
1025 2123 1153 2164 carmen
1178 2124 1245 2165 esse

57 2230 269 2294 germanum,
305 2206 570 2290 propensissimae
606 2228 706 2268 essem
736 2206 775 2268 ad
799 2207 995 2289 sequendum
1023 2206 1244 2272 Hardovinum

60 2320 98 2380 et
123 2314 305 2379 Lehrsium.
351 2313 437 2376 Nam
459 2313 641 2397 fragmenta
665 2313 788 2375 divulsa
811 2313 891 2375 mihi
914 2336 976 2375 non
999 2313 1137 2396 placent.

177 2421 316 2484 Maxime
339 2421 533 2484 sudaverunt
557 2420 660 2483 critici
683 2419 717 2481 in
741 2419 935 2502 explicando,
961 2421 1112 2501 quomodo
1134 2420 1245 2485 fabula

62 2531 105 2594 de
132 2529 263 2617 Europa
286 2532 416 2590 narrata
440 2550 511 2590 cum
530 2526 584 2603 616,
610 2549 680 2609 quae
694 2526 732 2588 dc
750 2525 884 2589 Galatea
897 2526 1055 2602 dicuntur,
1077 2527 1244 2594 cohaereat.

58 2637 176 2712 Quum
196 2636 325 2717 Europa
345 2637 377 2697 et
395 2633 529 2709 Galatea
551 2634 635 2697 inter
655 2656 688 2696 se
702 2633 838 2698 conferri
851 2633 895 2697 616
908 2633 1102 2710 viderentur,
1117 2657 1244 2718 compa-

63 2743 225 2808 rationem
248 2742 282 2804 in
305 2741 440 2825 singulis
465 2763 589 2823 666666
626 2745 657 2804 61
679 2741 900 2803 minutissimis
924 2741 1019 2802 rebus
1044 2744 1152 2823 aptam
1177 2765 1244 2806 esse

63 2850 247 2925 voluerunt,
284 2849 368 2931 quod
402 2871 463 2911 non
498 2848 544 2910 ita
580 2851 636 2924 661,
673 2852 708 2910 61
743 2870 849 2910 omnes
873 2847 993 2912 vident.
1040 2846 1112 2910 Sole
1137 2854 1244 2912 autem

64 2957 186 3022 clarius
211 2978 278 3019 esse
302 2959 378 3038 puto
414 2977 570 3017 summam
594 2954 785 3017 sententiam
809 2958 840 3017 et
863 2954 1051 3036 primarium
1073 2977 1244 3040 argumen-

64 3069 137 3127 tum
172 3064 205 3125 in
240 3063 350 3125 fabula
374 3063 487 3138 166666,
512 3083 647 3143 quaeque
670 3062 854 3143 praecedant
877 3065 1002 3123 tantum
1025 3064 1170 3144 praebere
1194 3064 1244 3125 16-

64 3171 152 3235 bulae
189 3171 394 3234 occasionem.
442 3168 487 3232 Ut
521 3190 606 3251 saepe
641 3167 772 3230 Pindari
811 3168 1023 3251 digressiones
1062 3170 1245 3252 mythorum

57 3279 172 3362 'plenae
196 3278 311 3341 leviter
334 3276 549 3339 tantummodo
566 3299 603 3338 66
620 3275 794 3358 attingunt,
809 3297 878 3356 quae
892 3275 925 3337 in
938 3275 1027 3338 initio
1042 3277 1190 3339 dicuntur
1207 3277 1243 3358 2).

176 3383 225 3447 De
251 3384 364 3447 ceteris
388 3383 565 3466 permultis,
591 3405 662 3464 666
686 3382 848 3464 praecipue
872 3405 890 3444 a
913 3381 1055 3446 Peerlc:0
1085 3387 1117 3446 61
1140 3382 1243 3446 Lehr-

59 3493 112 3556 -sio
138 3495 248 3555 contra
272 3513 400 3554 carmen
424 3490 522 3552 allata
549 3494 641 3567 6661,
657 3511 720 3551 666
745 3510 847 3571 operae
871 3489 1010 3571 pretium
1034 3489 1095 3552 erit
1119 3490 1152 3552 in
1177 3491 1242 3553 dis-

57 3598 267 3683 putationem
291 3598 427 3682 ingredi.
473 3596 559 3659 Nam
583 3596 722 3678 exceptis
746 3595 915 3658 levissimis
932 3596 1091 3659 nonnullis
1108 3596 1244 3661 Peerlc:i

67 3705 218 3790 argutiis,
254 3728 333 3787 6666
368 3704 517 3767 Luebker
545 3703 758 3785 copiosissime
784 3702 974 3766 examinavit
1014 3707 1045 3765 et
1080 3703 1243 3781 refutavit,

24 3822 28 3829 '
59 3812 193 3895 reliqua
227 3811 381 3894 pleraque
405 3810 509 3874 onmia
534 3808 718 3886 aestheticis,
743 3832 821 3892 6666
845 3813 967 3879 vocant,
992 3811 1169 3874 rationibus
1193 3811 1243 3872 ni-

179 4040 197 4102 ¹)
217 4050 268 4094 Lit.
287 4049 354 4094 Hist.
374 4048 460 4106 Biogr.
483 4049 541 4093 126.

177 4128 197 4192 ²)
216 4139 281 4186 Vide
300 4151 354 4196 666
374 4138 426 4183 dixi
445 4138 477 4184 ad
496 4138 543 4183 III:
566 4139 605 4193 11,
625 4151 683 4197 pag.
704 4139 745 4184 26.
