2766 4590
609 191 784 254 „54-

103 376 151 435 884
185 370 368 434 Bentleium
403 371 493 454 sequi
528 393 625 453 quam
659 371 839 448 Lehrsinm,
868 371 923 454 qui
953 388 1010 455 pro
1042 391 1148 433 servos
1172 372 1291 433 rriooeri

101 479 199 561 ‹lipiio
223 477 305 562 legit
328 478 423 560 illyria
448 485 475 539 et
498 480 614 540 raoncri
636 485 713 541 testa
730 482 762 540 et
778 500 833 560 pro
852 484 878 540 tc
894 477 989 540 Liber
1004 484 1032 539 et
1047 479 1077 539 si
1092 477 1168 539 lecto
1184 477 1290 540 oderit

109 585 214 647 l'enns
238 584 393 648 violenter
415 585 555 648 scribere
579 584 648 647 vult
672 591 769 647 41111111
793 584 921 647 libenter
944 584 1016 646 licta
1039 584 1144 646 aderit
1174 583 1205 644 V
1202 605 1289 647 811113.

207 690 316 755 Tertia
339 691 470 774 stropha
486 690 632 754 Prienius
649 691 820 754 offenditur
837 691 872 772 ¹).
903 689 1040 754 Causam
1056 690 1204 773 aliquam
1222 713 1285 754 non

102 798 221 869 attulit,
246 798 308 861 nisi
332 799 414 881 quod
439 798 516 862 dicit
540 820 668 862 carmen
692 798 829 881 demptis
853 802 909 860 841.
935 798 954 859 3
980 797 1002 859 41
1028 799 1046 860 6
1067 797 1288 860 rotundiorem

105 905 186 981 fieri,
211 905 243 968 id
267 905 351 988 quod
367 927 428 968 non
444 904 608 989 intellego.
644 903 752 967 Aliam
768 909 875 968 tamen
896 926 1023 967 revera
1040 908 1172 967 causam
1188 904 1291 967 luisse'

102 1011 199 1075 facile
224 1015 272 1074 est
295 1011 413 1074 videre.
454 1010 576 1075 Peerlc.
602 1011 685 1074 enirn
710 1015 765 1074 841.
792 1010 1019 1094 trepudiavit,
1044 1011 1141 1092 atque
1158 1013 1197 1072 nt
1213 1031 1288 1073 con-

103 1119 287 1202 gruentiam
312 1122 344 1180 et
368 1118 615 1181 concinnitatem
631 1119 715 1181 inter
736 1117 934 1200 ,stropham“
957 1121 989 1180 et
1009 1115 1292 1200 ,antistropham“·

105 1224 300 1302 restitueret,
325 1224 452 1288 Prienio
468 1225 599 1288 tertiam
614 1246 739 1308 quoque
755 1224 919 1307 stropham
937 1223 1040 1287 eicere
1056 1245 1189 1286 necesse
1206 1227 1286 1287 erat.

211 1331 335 1415 Gruppi
359 1331 462 1394 Minos
487 1330 576 1415 (pag.
594 1333 669 1407 424,
692 1330 753 1413 sq.)
778 1335 833 1394 str.
858 1332 878 1392 4
895 1334 927 1393 et
943 1332 962 1392 5
980 1352 1238 1413 supervacaneas
1256 1334 1287 1394 et

56 1466 59 1473 ¹
102 1439 229 1522 ineptas
254 1460 322 1501 esse
348 1439 471 1501 statuit.
518 1437 641 1513 Quibus
665 1437 794 1500 remotis
818 1440 967 1520 quattuor
991 1440 1114 1500 restant
1130 1437 1285 1520 strophae,

102 1567 180 1628 quas
203 1545 294 1628 quasi
320 1545 481 1628 specimen
498 1544 647 1608 carminis
664 1544 791 1607 rotundi
809 1548 840 1607 et
855 1543 1065 1626 pulcherrimi
1078 1543 1233 1607 exscribit
1248 1545 1283 1626 2).

101 1651 196 1714 Alter
219 1657 326 1715 autem
349 1653 452 1727 iudex,
477 1651 602 1715 Aeacus
627 1650 672 1735 (p.
697 1652 772 1727 411,
790 1651 885 1734 sqq),
902 1650 1040 1733 primam
1056 1672 1184 1733 quoque
1201 1655 1283 1716 stro-

102 1757 201 1841 pham
225 1758 356 1822 delendo
383 1762 414 1821 et
437 1781 564 1822 carmen
589 1758 698 1821 critico
723 1780 778 1820 suo
801 1761 957 1821 tormento
983 1758 1022 1820 ad
1046 1763 1111 1820 tres
1134 1757 1283 1841 strophas

102 1864 149 1945 (2,
175 1866 205 1942 3,
231 1866 264 1947 6)
300 1865 774 1948 reducendopulchritudinem
799 1868 830 1927 et
853 1865 1083 1927 rotunditatem
1106 1866 1282 1948 pertubare

101 1994 163 2034 non
189 1972 357 2035 dubitavit.
398 1971 477 2035 Haec
502 1994 572 2054 quae
596 1975 728 2046 restant,
753 1971 878 2035 Aeacus
903 1970 1074 2033 Horatium
1097 1993 1210 2035 secum
1233 1972 1282 2056 ip·

101 2101 171 2141 sum
206 2078 307 2141 solum
342 2079 481 2142 locutum
507 2100 575 2142 esse
601 2079 713 2154 credit,
738 2101 836 2161 quum
859 2078 892 2140 in
917 2077 1072 2161 apotheca
1095 2101 1120 2141 s.
1146 2078 1282 2143 fumario

102 2185 282 2248 ambularet
319 2186 506 2268 copiamque
541 2184 608 2248 vini
642 2185 740 2248 oculis
771 2185 924 2248 lustraret
949 2188 980 2247 et
1004 2184 1193 2268 amphoram
1217 2186 1281 2250 vini

100 2292 229 2356 massici
257 2293 424 2375 aspiceret.
473 2291 632 2367 Quomodo
656 2292 693 2368 is,
718 2292 773 2374 qui
796 2290 887 2375 legit,
912 2292 994 2355 scire
1018 2292 1129 2374 possit,
1154 2297 1282 2376 poetam

102 2397 275 2461 allocutum
306 2421 373 2463 esse
405 2399 601 2482 amphoram,
626 2421 697 2482 quae
721 2420 878 2481 nusquam
901 2398 1092 2476 nominetur,
1118 2399 1281 2485 Gruppius

101 2526 163 2566 non
189 2506 335 2568 ostendit.
373 2504 450 2580 Quae
475 2509 584 2568 contra
613 2508 668 2568 str.
699 2504 817 2581 attulit,
842 2505 907 2567 iam
930 2527 1038 2568 sumus
1063 2507 1279 2590 contemplati.

104 2610 167 2674 Str.
193 2613 213 2673 4
239 2613 260 2674 41
285 2614 303 2675 5
330 2610 424 2688 delet,
451 2612 533 2694 quod
558 2612 622 2674 8414
638 2611 747 2694 inepta
765 2611 914 2674 carminis
931 2635 950 2674 a
965 2612 1163 2701 Bacchylide
1179 2614 1280 2697 scrip-

102 2718 128 2780 ti
151 2717 287 2781 imitatio
312 2716 453 2798 (melicos
477 2739 654 2802 graecorum
677 2717 840 2795 Horatius,
865 2722 901 2780 ut
925 2719 1069 2782 omnibus
1093 2723 1205 2782 notum
1223 2725 1279 2799 est,

102 2847 187 2907 saepe
212 2829 259 2887 est
283 2825 450 2911 imitatus),
469 2829 500 2887 et
515 2825 652 2908 ineptias
668 2824 879 2908 perridiculas
897 2825 1089 2889 contineant.
1124 2825 1281 2911 Exempla

102 2932 197 2994 affert
221 2933 286 2994 lenc
310 2939 494 2994 401111811411111
519 2936 550 2994 84
574 2934 711 3016 viresqne
734 2938 762 2994 et
784 2932 877 2994 11141448
900 2953 1018 2994 coracio
1035 2930 1185 3015 1111141814,
1211 2955 1280 3016 qua

102 3038 201 3100 verba
226 3039 255 3101 ei
283 3037 418 3101 ridicula
445 3039 603 3101 videntur.
650 3039 735 3101 Lciec
760 3045 946 3101 tormentant
969 3041 1076 3101 tamen
1101 3037 1280 3123 eBacchy-

105 3144 179 3207 lidis
202 3145 375 3220 vocabulis,
401 3167 471 3226 quae
495 3148 568 3207 sunt
591 3143 706 3221 γλυκεῖ’
731 3141 849 3222 ἀνάγκα
874 3167 1059 3208 conversum
1083 3149 1131 3207 884
1146 3145 1280 3229 ipseque

103 3250 183 3314 Hor.
222 3250 283 3314 alio
306 3251 372 3316 loco
397 3251 493 3314 simili
516 3252 612 3314 verbo
637 3274 711 3314 usus
736 3256 793 3327 est,
818 3251 885 3315 AP.
912 3253 990 3314 424:
1022 3273 1107 3335 reyes
1130 3253 1281 3316 (licitatur

101 3365 242 3442 torquere
264 3380 356 3428 oraro,
380 3379 468 3442 qoem
499 3361 690 3441 persperisse
714 3359 866 3422 laborant.
927 3357 1007 3421 Cum
1041 3381 1087 3435 eo,
1120 3360 1205 3442 quod
1232 3363 1278 3424 est

102 3486 223 3527 80111111
247 3465 360 3528 odilerii
378 3467 517 3548 pomini
550 3487 660 3528 versus
694 3464 859 3528 nonnullos
895 3463 990 3528 Ovidi
1022 3465 1167 3529 conferre
1195 3465 1280 3543 licet,

102 3571 219 3653 quibus
242 3572 376 3635 fortasse
401 3569 459 3635 Ov.
484 3570 654 3634 Horatium
677 3572 821 3634 imitatus
846 3576 903 3649 est,
928 3571 968 3634 A.
994 3570 1034 3634 A.
1061 3573 1090 3648 1,
1116 3573 1180 3636 237
1207 3595 1280 3657 sqq:

216 3852 529 3914 1,11111111111311
584 3848 586 3855 ⁴

218 3941 236 4003 94
259 3951 386 4006 „Schtnes
416 3952 534 4006 Gedicht,
566 3951 631 3996 ohne
658 3951 864 4008 Wiederholung,
884 3951 910 3996 in
930 3950 1063 3996 schtnster
1081 3951 1212 4011 Bundung
1230 3951 1281 3998 und

103 4034 233 4085 Einheit“.
