<?xml version="1.0" encoding="UTF-8"?>
<!DOCTYPE html PUBLIC "-//W3C//DTD XHTML 1.0 Transitional//EN"
    "http://www.w3.org/TR/xhtml1/DTD/xhtml1-transitional.dtd">
<html xmlns="http://www.w3.org/1999/xhtml" xml:lang="en" lang="en">
 <head>
  <title>
</title>
<meta http-equiv="Content-Type" content="text/html;charset=utf-8" />
  <meta name='ocr-system' content='tesseract 3.04.00' />
  <meta name='ocr-capabilities' content='ocr_page ocr_carea ocr_par ocr_line ocrx_word'/>
</head>
<body>
  <div class='ocr_page' id='page_1' title='image "./delocistertiiho00olssgoog_0073.png"; bbox 0 0 2766 4590; ppageno 0'>
   <div class='ocr_carea' id='block_1_1' title="bbox 583 205 843 286">
    <p class='ocr_par' dir='ltr' id='par_1_1' title="bbox 583 205 843 286">
     <span class='ocr_line' id='line_1_1' title="bbox 583 205 843 286; baseline -0.004 -18"><span class='ocrx_word' id='word_1_1' title='bbox 583 205 843 286; x_wconf 32' lang='lat' dir='ltr'>for-</span> 
     </span>
    </p>
   </div>
   <div class='ocr_carea' id='block_1_2' title="bbox 1366 28 1379 221">
    <p class='ocr_par' dir='ltr' id='par_1_2' title="bbox 1366 28 1379 221">
     <span class='ocr_line' id='line_1_2' title="bbox 1366 28 1379 221; baseline 0 -48"><span class='ocrx_word' id='word_1_2' title='bbox 1366 28 1379 221; x_wconf 77' lang='lat' dir='ltr'>l</span> 
     </span>
    </p>
   </div>
   <div class='ocr_carea' id='block_1_3' title="bbox 1373 234 1381 377">
    <p class='ocr_par' dir='ltr' id='par_1_3' title="bbox 1373 234 1381 377">
     <span class='ocr_line' id='line_1_3' title="bbox 1373 234 1381 377; baseline 0 -8"><span class='ocrx_word' id='word_1_3' title='bbox 1373 234 1381 377; x_wconf 74' lang='grc' dir='ltr'>,ἐ</span> 
     </span>
    </p>
   </div>
   <div class='ocr_carea' id='block_1_4' title="bbox 159 381 1381 573">
    <p class='ocr_par' dir='ltr' id='par_1_4' title="bbox 159 381 1381 573">
     <span class='ocr_line' id='line_1_4' title="bbox 159 381 1381 469; baseline 0.003 -25"><span class='ocrx_word' id='word_1_4' title='bbox 159 382 309 466; x_wconf 84' lang='lat' dir='ltr'>grottor),</span> <span class='ocrx_word' id='word_1_5' title='bbox 347 404 408 465; x_wconf 92' lang='lat' dir='ltr'>quo</span> <span class='ocrx_word' id='word_1_6' title='bbox 432 381 591 445; x_wconf 87' lang='lat' dir='ltr'>sententia</span> <span class='ocrx_word' id='word_1_7' title='bbox 615 386 647 446; x_wconf 89' lang='lat' dir='ltr'>et</span> <span class='ocrx_word' id='word_1_8' title='bbox 669 383 781 447; x_wconf 88' lang='lat' dir='ltr'>melior</span> <span class='ocrx_word' id='word_1_9' title='bbox 804 384 841 446; x_wconf 90' lang='lat' dir='ltr'>fit</span> <span class='ocrx_word' id='word_1_10' title='bbox 865 387 897 448; x_wconf 84' lang='lat' dir='ltr'>et</span> <span class='ocrx_word' id='word_1_11' title='bbox 920 384 1057 448; x_wconf 83' lang='lat' dir='ltr'><strong>suavior.</strong></span> <span class='ocrx_word' id='word_1_12' title='bbox 1104 383 1150 448; x_wconf 87' lang='lat' dir='ltr'>Ut</span> <span class='ocrx_word' id='word_1_13' title='bbox 1174 384 1278 469; x_wconf 84' lang='lat' dir='ltr'>Verg.</span> <span class='ocrx_word' id='word_1_14' title='bbox 1305 385 1342 450; x_wconf 84' lang='grc' dir='ltr'>Ε.</span> <span class='ocrx_word' id='word_1_15' title='bbox 1377 406 1381 447; x_wconf 81' lang='lat'>⁴.</span> 
     </span>
     <span class='ocr_line' id='line_1_5' title="bbox 160 487 1345 573; baseline 0.003 -21"><span class='ocrx_word' id='word_1_16' title='bbox 160 490 192 566; x_wconf 80' lang='lat'>6,</span> <span class='ocrx_word' id='word_1_17' title='bbox 218 491 273 552; x_wconf 83' lang='lat'>82:</span> <span class='ocrx_word' id='word_1_18' title='bbox 315 487 432 552; x_wconf 89' lang='lat' dir='ltr'>Omnia</span> <span class='ocrx_word' id='word_1_19' title='bbox 460 511 531 572; x_wconf 88' lang='lat' dir='ltr'>quae</span> <span class='ocrx_word' id='word_1_20' title='bbox 554 488 681 553; x_wconf 80' lang='lat' dir='ltr'>Phoebo</span> <span class='ocrx_word' id='word_1_21' title='bbox 706 490 866 573; x_wconf 89' lang='lat' dir='ltr'>quondam</span> <span class='ocrx_word' id='word_1_22' title='bbox 889 490 1065 554; x_wconf 78' lang='lat' dir='ltr'>meditante</span> <span class='ocrx_word' id='word_1_23' title='bbox 1090 492 1203 554; x_wconf 88' lang='lat' dir='ltr'>beatus</span> <span class='ocrx_word' id='word_1_24' title='bbox 1229 491 1345 556; x_wconf 85' lang='lat' dir='ltr'>Audiit</span> 
     </span>
    </p>
   </div>
   <div class='ocr_carea' id='block_1_5' title="bbox 161 596 357 678">
    <p class='ocr_par' dir='ltr' id='par_1_5' title="bbox 161 596 357 678">
     <span class='ocr_line' id='line_1_6' title="bbox 161 596 357 678; baseline 0.005 -20"><span class='ocrx_word' id='word_1_25' title='bbox 161 596 300 659; x_wconf 76' lang='lat' dir='ltr'>Eurotas</span> <span class='ocrx_word' id='word_1_26' title='bbox 322 596 357 678; x_wconf 88' lang='lat'>¹).</span> 
     </span>
    </p>
   </div>
   <div class='ocr_carea' id='block_1_6' title="bbox 266 702 1381 787">
    <p class='ocr_par' dir='ltr' id='par_1_6' title="bbox 266 702 1381 787">
     <span class='ocr_line' id='line_1_7' title="bbox 266 702 1381 787; baseline 0.002 -21"><span class='ocrx_word' id='word_1_27' title='bbox 266 702 402 766; x_wconf 81' lang='lat' dir='ltr'>Carmen</span> <span class='ocrx_word' id='word_1_28' title='bbox 427 702 679 787; x_wconf 86' lang='lat' dir='ltr'>dithyrambicus</span> <span class='ocrx_word' id='word_1_29' title='bbox 704 707 751 766; x_wconf 87' lang='lat' dir='ltr'>est</span> <span class='ocrx_word' id='word_1_30' title='bbox 776 708 916 780; x_wconf 90' lang='lat' dir='ltr'>conatus,</span> <span class='ocrx_word' id='word_1_31' title='bbox 941 704 1056 787; x_wconf 87' lang='lat' dir='ltr'>qualis,</span> <span class='ocrx_word' id='word_1_32' title='bbox 1093 702 1153 767; x_wconf 90' lang='lat' dir='ltr'>Od.</span> <span class='ocrx_word' id='word_1_33' title='bbox 1178 702 1220 767; x_wconf 89' lang='lat' dir='ltr'>H:</span> <span class='ocrx_word' id='word_1_34' title='bbox 1249 705 1290 767; x_wconf 81' lang='lat'>19</span> <span class='ocrx_word' id='word_1_35' title='bbox 1316 706 1344 769; x_wconf 88' lang='lat' dir='ltr'>si</span> <span class='ocrx_word' id='word_1_36' title='bbox 1378 726 1381 737; x_wconf 93' lang='lat'>·</span> 
     </span>
    </p>
   </div>
   <div class='ocr_carea' id='block_1_7' title="bbox 162 808 1341 894">
    <p class='ocr_par' dir='ltr' id='par_1_7' title="bbox 162 808 1341 894">
     <span class='ocr_line' id='line_1_8' title="bbox 162 808 1341 894; baseline 0.003 -22"><span class='ocrx_word' id='word_1_37' title='bbox 162 810 311 893; x_wconf 86' lang='lat' dir='ltr'>excipias,</span> <span class='ocrx_word' id='word_1_38' title='bbox 335 831 493 892; x_wconf 82' lang='lat' dir='ltr'><strong>nusquam</strong></span> <span class='ocrx_word' id='word_1_39' title='bbox 517 809 595 873; x_wconf 87' lang='lat' dir='ltr'>alias</span> <span class='ocrx_word' id='word_1_40' title='bbox 619 810 652 872; x_wconf 94' lang='lat' dir='ltr'>in</span> <span class='ocrx_word' id='word_1_41' title='bbox 675 808 797 873; x_wconf 81' lang='lat' dir='ltr'>melicis</span> <span class='ocrx_word' id='word_1_42' title='bbox 822 809 937 873; x_wconf 88' lang='lat' dir='ltr'>Horati</span> <span class='ocrx_word' id='word_1_43' title='bbox 957 811 1127 893; x_wconf 89' lang='lat' dir='ltr'>reperitur.</span> <span class='ocrx_word' id='word_1_44' title='bbox 1175 810 1246 874; x_wconf 94' lang='lat' dir='ltr'>Hoc</span> <span class='ocrx_word' id='word_1_45' title='bbox 1263 833 1341 894; x_wconf 88' lang='lat' dir='ltr'>poe-</span> 
     </span>
    </p>
   </div>
   <div class='ocr_carea' id='block_1_8' title="bbox 159 1023 1340 1106">
    <p class='ocr_par' dir='ltr' id='par_1_8' title="bbox 159 1023 1340 1106">
     <span class='ocr_line' id='line_1_9' title="bbox 159 1023 1340 1106; baseline 0.003 -20"><span class='ocrx_word' id='word_1_46' title='bbox 159 1046 212 1087; x_wconf 88' lang='lat' dir='ltr'>eos</span> <span class='ocrx_word' id='word_1_47' title='bbox 236 1024 276 1086; x_wconf 89' lang='lat' dir='ltr'>ad</span> <span class='ocrx_word' id='word_1_48' title='bbox 299 1028 456 1086; x_wconf 86' lang='lat' dir='ltr'>tumorem</span> <span class='ocrx_word' id='word_1_49' title='bbox 478 1024 662 1106; x_wconf 90' lang='lat' dir='ltr'>prolapsum</span> <span class='ocrx_word' id='word_1_50' title='bbox 687 1028 743 1086; x_wconf 88' lang='lat' dir='ltr'>est.</span> <span class='ocrx_word' id='word_1_51' title='bbox 790 1023 905 1106; x_wconf 88' lang='lat' dir='ltr'>Neque</span> <span class='ocrx_word' id='word_1_52' title='bbox 930 1025 970 1087; x_wconf 89' lang='lat' dir='ltr'>ad</span> <span class='ocrx_word' id='word_1_53' title='bbox 992 1047 1117 1087; x_wconf 87' lang='lat' dir='ltr'>musam</span> <span class='ocrx_word' id='word_1_54' title='bbox 1142 1024 1258 1088; x_wconf 90' lang='lat' dir='ltr'>Horati</span> <span class='ocrx_word' id='word_1_55' title='bbox 1286 1049 1340 1090; x_wconf 91' lang='lat' dir='ltr'>ac·</span> 
     </span>
    </p>
   </div>
   <div class='ocr_carea' id='block_1_9' title="bbox 116 1128 1381 1321">
    <p class='ocr_par' dir='ltr' id='par_1_9' title="bbox 116 1128 1381 1321">
     <span class='ocr_line' id='line_1_10' title="bbox 156 1128 1381 1216; baseline 0.002 -23"><span class='ocrx_word' id='word_1_56' title='bbox 156 1130 391 1193; x_wconf 90' lang='lat' dir='ltr'>commodatum</span> <span class='ocrx_word' id='word_1_57' title='bbox 415 1133 493 1207; x_wconf 90' lang='lat' dir='ltr'>erat,</span> <span class='ocrx_word' id='word_1_58' title='bbox 518 1131 601 1212; x_wconf 89' lang='lat' dir='ltr'>quod</span> <span class='ocrx_word' id='word_1_59' title='bbox 624 1130 785 1213; x_wconf 74' lang='lat' dir='ltr'>praecipue</span> <span class='ocrx_word' id='word_1_60' title='bbox 809 1131 842 1193; x_wconf 92' lang='lat' dir='ltr'>in</span> <span class='ocrx_word' id='word_1_61' title='bbox 858 1128 915 1193; x_wconf 87' lang='lat' dir='ltr'>IV:</span> <span class='ocrx_word' id='word_1_62' title='bbox 933 1133 963 1194; x_wconf 82' lang='lat'>2:</span> <span class='ocrx_word' id='word_1_63' title='bbox 986 1131 1167 1194; x_wconf 77' lang='lat' dir='ltr'>Pindarum</span> <span class='ocrx_word' id='word_1_64' title='bbox 1183 1134 1340 1216; x_wconf 77' lang='lat' dir='ltr'>quisquis,</span> <span class='ocrx_word' id='word_1_65' title='bbox 1379 1170 1381 1174; x_wconf 94' lang='lat'>·</span> 
     </span>
     <span class='ocr_line' id='line_1_11' title="bbox 116 1237 1342 1321; baseline 0.002 -21"><span class='ocrx_word' id='word_1_66' title='bbox 116 1275 121 1284; x_wconf 93' lang='lat'><strong>·</strong></span> <span class='ocrx_word' id='word_1_67' title='bbox 158 1241 219 1300; x_wconf 88' lang='lat' dir='ltr'>cet.</span> <span class='ocrx_word' id='word_1_68' title='bbox 244 1237 313 1319; x_wconf 88' lang='lat' dir='ltr'>ipse</span> <span class='ocrx_word' id='word_1_69' title='bbox 339 1237 456 1300; x_wconf 75' lang='lat' dir='ltr'>diserte</span> <span class='ocrx_word' id='word_1_70' title='bbox 486 1237 573 1311; x_wconf 82' lang='lat' dir='ltr'>dixit,</span> <span class='ocrx_word' id='word_1_71' title='bbox 599 1259 662 1319; x_wconf 90' lang='lat' dir='ltr'>qua</span> <span class='ocrx_word' id='word_1_72' title='bbox 686 1259 719 1300; x_wconf 91' lang='lat' dir='ltr'>re</span> <span class='ocrx_word' id='word_1_73' title='bbox 744 1238 870 1319; x_wconf 91' lang='lat' dir='ltr'>seipse</span> <span class='ocrx_word' id='word_1_74' title='bbox 895 1238 1066 1314; x_wconf 82' lang='lat' dir='ltr'>excusavit,</span> <span class='ocrx_word' id='word_1_75' title='bbox 1091 1238 1118 1301; x_wconf 88' lang='lat' dir='ltr'>si</span> <span class='ocrx_word' id='word_1_76' title='bbox 1142 1239 1268 1321; x_wconf 88' lang='lat' dir='ltr'>quidin</span> <span class='ocrx_word' id='word_1_77' title='bbox 1281 1239 1342 1303; x_wconf 90' lang='lat' dir='ltr'>hoo</span> 
     </span>
    </p>
   </div>
   <div class='ocr_carea' id='block_1_10' title="bbox 156 1342 1341 1748">
    <p class='ocr_par' dir='ltr' id='par_1_10' title="bbox 156 1342 1341 1748">
     <span class='ocr_line' id='line_1_12' title="bbox 158 1342 1340 1426; baseline 0.002 -19"><span class='ocrx_word' id='word_1_78' title='bbox 158 1344 300 1408; x_wconf 90' lang='lat' dir='ltr'>carmine</span> <span class='ocrx_word' id='word_1_79' title='bbox 334 1344 439 1406; x_wconf 92' lang='lat' dir='ltr'>minus</span> <span class='ocrx_word' id='word_1_80' title='bbox 474 1343 590 1426; x_wconf 89' lang='lat' dir='ltr'>placet.</span> <span class='ocrx_word' id='word_1_81' title='bbox 638 1342 727 1406; x_wconf 85' lang='lat' dir='ltr'>Finis</span> <span class='ocrx_word' id='word_1_82' title='bbox 751 1366 818 1426; x_wconf 87' lang='lat' dir='ltr'>prae</span> <span class='ocrx_word' id='word_1_83' title='bbox 841 1343 932 1406; x_wconf 90' lang='lat' dir='ltr'>initio</span> <span class='ocrx_word' id='word_1_84' title='bbox 957 1345 1062 1408; x_wconf 90' lang='lat' dir='ltr'>tenuis</span> <span class='ocrx_word' id='word_1_85' title='bbox 1087 1349 1143 1408; x_wconf 89' lang='lat' dir='ltr'>est.</span> <span class='ocrx_word' id='word_1_86' title='bbox 1192 1344 1264 1410; x_wconf 91' lang='lat' dir='ltr'>Hoc</span> <span class='ocrx_word' id='word_1_87' title='bbox 1288 1350 1340 1409; x_wconf 90' lang='lat' dir='ltr'>ta·</span> 
     </span>
     <span class='ocr_line' id='line_1_13' title="bbox 157 1450 1341 1535; baseline 0.003 -23"><span class='ocrx_word' id='word_1_88' title='bbox 157 1473 231 1513; x_wconf 90' lang='lat' dir='ltr'>men</span> <span class='ocrx_word' id='word_1_89' title='bbox 261 1450 535 1533; x_wconf 85' lang='lat' dir='ltr'>dithyramborum</span> <span class='ocrx_word' id='word_1_90' title='bbox 559 1450 723 1533; x_wconf 91' lang='lat' dir='ltr'>proprium</span> <span class='ocrx_word' id='word_1_91' title='bbox 748 1455 805 1528; x_wconf 91' lang='lat' dir='ltr'>est,</span> <span class='ocrx_word' id='word_1_92' title='bbox 829 1456 865 1513; x_wconf 91' lang='lat' dir='ltr'>ut</span> <span class='ocrx_word' id='word_1_93' title='bbox 889 1451 1011 1514; x_wconf 87' lang='lat' dir='ltr'>subitas</span> <span class='ocrx_word' id='word_1_94' title='bbox 1036 1474 1054 1513; x_wconf 90' lang='lat' dir='ltr'>a</span> <span class='ocrx_word' id='word_1_95' title='bbox 1077 1453 1243 1535; x_wconf 87' lang='lat' dir='ltr'>proposita</span> <span class='ocrx_word' id='word_1_96' title='bbox 1268 1475 1341 1516; x_wconf 92' lang='lat' dir='ltr'>ora-</span> 
     </span>
     <span class='ocr_line' id='line_1_14' title="bbox 159 1556 1338 1639; baseline 0.003 -20"><span class='ocrx_word' id='word_1_97' title='bbox 159 1558 244 1621; x_wconf 83' lang='lat' dir='ltr'>tione</span> <span class='ocrx_word' id='word_1_98' title='bbox 269 1557 496 1620; x_wconf 87' lang='lat' dir='ltr'>declinationes</span> <span class='ocrx_word' id='word_1_99' title='bbox 521 1561 553 1620; x_wconf 92' lang='lat' dir='ltr'>ct</span> <span class='ocrx_word' id='word_1_100' title='bbox 575 1556 760 1639; x_wconf 86' lang='lat' dir='ltr'>frequentes</span> <span class='ocrx_word' id='word_1_101' title='bbox 785 1580 821 1621; x_wconf 89' lang='lat' dir='ltr'>ac</span> <span class='ocrx_word' id='word_1_102' title='bbox 844 1557 976 1621; x_wconf 88' lang='lat' dir='ltr'>mobiles</span> <span class='ocrx_word' id='word_1_103' title='bbox 1001 1559 1041 1620; x_wconf 92' lang='lat' dir='ltr'>ad</span> <span class='ocrx_word' id='word_1_104' title='bbox 1065 1557 1144 1620; x_wconf 89' lang='lat' dir='ltr'>alias</span> <span class='ocrx_word' id='word_1_105' title='bbox 1169 1581 1221 1622; x_wconf 91' lang='lat' dir='ltr'>res</span> <span class='ocrx_word' id='word_1_106' title='bbox 1245 1563 1338 1623; x_wconf 84' lang='lat' dir='ltr'>tran-</span> 
     </span>
     <span class='ocr_line' id='line_1_15' title="bbox 156 1663 1340 1748; baseline 0.004 -22"><span class='ocrx_word' id='word_1_107' title='bbox 156 1665 239 1727; x_wconf 87' lang='lat' dir='ltr'>situs</span> <span class='ocrx_word' id='word_1_108' title='bbox 255 1664 421 1748; x_wconf 85' lang='lat' dir='ltr'>patiantur</span> <span class='ocrx_word' id='word_1_109' title='bbox 437 1664 474 1745; x_wconf 78' lang='lat'>2).</span> <span class='ocrx_word' id='word_1_110' title='bbox 511 1663 632 1727; x_wconf 90' lang='lat' dir='ltr'>Callide</span> <span class='ocrx_word' id='word_1_111' title='bbox 649 1669 756 1726; x_wconf 89' lang='lat' dir='ltr'>autern</span> <span class='ocrx_word' id='word_1_112' title='bbox 773 1664 906 1727; x_wconf 89' lang='lat' dir='ltr'>carmini</span> <span class='ocrx_word' id='word_1_113' title='bbox 932 1666 973 1727; x_wconf 92' lang='lat' dir='ltr'>ad</span> <span class='ocrx_word' id='word_1_114' title='bbox 989 1664 1153 1728; x_wconf 90' lang='lat' dir='ltr'>Bacchum</span> <span class='ocrx_word' id='word_1_115' title='bbox 1171 1666 1340 1731; x_wconf 89' lang='lat' dir='ltr'>celebran-</span> 
     </span>
    </p>
   </div>
   <div class='ocr_carea' id='block_1_11' title="bbox 122 1770 838 1873">
    <p class='ocr_par' dir='ltr' id='par_1_11' title="bbox 122 1770 838 1873">
     <span class='ocr_line' id='line_1_16' title="bbox 122 1770 838 1873; baseline -0.001 -39"><span class='ocrx_word' id='word_1_116' title='bbox 122 1852 133 1873; x_wconf 71' lang='lat'>,</span> <span class='ocrx_word' id='word_1_117' title='bbox 159 1771 235 1834; x_wconf 88' lang='lat' dir='ltr'>dum</span> <span class='ocrx_word' id='word_1_118' title='bbox 259 1771 377 1854; x_wconf 89' lang='lat' dir='ltr'>scripto</span> <span class='ocrx_word' id='word_1_119' title='bbox 401 1771 511 1834; x_wconf 89' lang='lat' dir='ltr'>laudes</span> <span class='ocrx_word' id='word_1_120' title='bbox 536 1770 670 1834; x_wconf 81' lang='lat' dir='ltr'>Caesaris</span> <span class='ocrx_word' id='word_1_121' title='bbox 694 1770 838 1833; x_wconf 81' lang='lat' dir='ltr'>intexuit.</span> 
     </span>
    </p>
   </div>
   <div class='ocr_carea' id='block_1_12' title="bbox 157 1877 1340 2175">
    <p class='ocr_par' dir='ltr' id='par_1_12' title="bbox 157 1877 1340 2175">
     <span class='ocr_line' id='line_1_17' title="bbox 265 1877 1340 1962; baseline 0.004 -22"><span class='ocrx_word' id='word_1_122' title='bbox 265 1877 400 1941; x_wconf 80' lang='lat' dir='ltr'>Carmen</span> <span class='ocrx_word' id='word_1_123' title='bbox 431 1877 587 1961; x_wconf 89' lang='lat' dir='ltr'>scriptum</span> <span class='ocrx_word' id='word_1_124' title='bbox 610 1901 629 1940; x_wconf 90' lang='lat' dir='ltr'>a</span> <span class='ocrx_word' id='word_1_125' title='bbox 651 1881 756 1961; x_wconf 90' lang='lat' dir='ltr'>poeta,</span> <span class='ocrx_word' id='word_1_126' title='bbox 783 1877 838 1960; x_wconf 89' lang='lat' dir='ltr'>qui</span> <span class='ocrx_word' id='word_1_127' title='bbox 861 1879 956 1962; x_wconf 82' lang='lat' dir='ltr'>fingit</span> <span class='ocrx_word' id='word_1_128' title='bbox 979 1879 1030 1942; x_wconf 88' lang='lat' dir='ltr'>vel</span> <span class='ocrx_word' id='word_1_129' title='bbox 1054 1879 1184 1942; x_wconf 88' lang='lat' dir='ltr'>simulat</span> <span class='ocrx_word' id='word_1_130' title='bbox 1208 1902 1243 1943; x_wconf 85' lang='lat' dir='ltr'>se</span> <span class='ocrx_word' id='word_1_131' title='bbox 1270 1903 1340 1944; x_wconf 87' lang='lat' dir='ltr'>esse</span> 
     </span>
     <span class='ocr_line' id='line_1_18' title="bbox 160 1984 1340 2054; baseline 0.003 -6"><span class='ocrx_word' id='word_1_132' title='bbox 160 1984 281 2049; x_wconf 90' lang='lat' dir='ltr'>Bacchi</span> <span class='ocrx_word' id='word_1_133' title='bbox 317 1989 349 2048; x_wconf 86' lang='lat' dir='ltr'>et</span> <span class='ocrx_word' id='word_1_134' title='bbox 383 1984 450 2047; x_wconf 84' lang='lat' dir='ltr'>vini</span> <span class='ocrx_word' id='word_1_135' title='bbox 484 1984 638 2048; x_wconf 88' lang='lat' dir='ltr'>instinctu</span> <span class='ocrx_word' id='word_1_136' title='bbox 669 1984 862 2048; x_wconf 90' lang='lat' dir='ltr'>concitatum</span> <span class='ocrx_word' id='word_1_137' title='bbox 890 1989 996 2049; x_wconf 88' lang='lat' dir='ltr'>mente</span> <span class='ocrx_word' id='word_1_138' title='bbox 1020 1985 1249 2049; x_wconf 87' lang='lat' dir='ltr'>bacchantium</span> <span class='ocrx_word' id='word_1_139' title='bbox 1273 1987 1340 2054; x_wconf 85' lang='lat' dir='ltr'>ritu</span> 
     </span>
     <span class='ocr_line' id='line_1_19' title="bbox 157 2090 1338 2175; baseline 0.003 -21"><span class='ocrx_word' id='word_1_140' title='bbox 157 2091 331 2155; x_wconf 88' lang='lat' dir='ltr'>furibunda</span> <span class='ocrx_word' id='word_1_141' title='bbox 354 2095 386 2154; x_wconf 91' lang='lat' dir='ltr'>et</span> <span class='ocrx_word' id='word_1_142' title='bbox 409 2090 576 2174; x_wconf 80' lang='lat' dir='ltr'>lymphata</span> <span class='ocrx_word' id='word_1_143' title='bbox 598 2091 702 2175; x_wconf 83' lang='lat' dir='ltr'>magis</span> <span class='ocrx_word' id='word_1_144' title='bbox 725 2091 848 2174; x_wconf 89' lang='lat' dir='ltr'>poetico</span> <span class='ocrx_word' id='word_1_145' title='bbox 872 2114 967 2154; x_wconf 91' lang='lat' dir='ltr'>sensu</span> <span class='ocrx_word' id='word_1_146' title='bbox 990 2114 1086 2175; x_wconf 91' lang='lat' dir='ltr'>quam</span> <span class='ocrx_word' id='word_1_147' title='bbox 1110 2093 1223 2157; x_wconf 91' lang='lat' dir='ltr'>critica</span> <span class='ocrx_word' id='word_1_148' title='bbox 1247 2116 1338 2158; x_wconf 82' lang='lat' dir='ltr'>seve·</span> 
     </span>
    </p>
   </div>
   <div class='ocr_carea' id='block_1_13' title="bbox 112 2197 1337 2283">
    <p class='ocr_par' dir='ltr' id='par_1_13' title="bbox 112 2197 1337 2283">
     <span class='ocr_line' id='line_1_20' title="bbox 112 2197 1337 2283; baseline 0.003 -24"><span class='ocrx_word' id='word_1_149' title='bbox 112 2251 116 2259; x_wconf 92' lang='lat'>.</span> <span class='ocrx_word' id='word_1_150' title='bbox 155 2200 253 2262; x_wconf 86' lang='lat' dir='ltr'>ritate</span> <span class='ocrx_word' id='word_1_151' title='bbox 277 2198 520 2283; x_wconf 87' lang='lat' dir='ltr'>percipiendum</span> <span class='ocrx_word' id='word_1_152' title='bbox 544 2202 576 2261; x_wconf 86' lang='lat' dir='ltr'>et</span> <span class='ocrx_word' id='word_1_153' title='bbox 592 2197 797 2262; x_wconf 90' lang='lat' dir='ltr'>iudicandum</span> <span class='ocrx_word' id='word_1_154' title='bbox 814 2202 870 2262; x_wconf 91' lang='lat' dir='ltr'>est.</span> <span class='ocrx_word' id='word_1_155' title='bbox 915 2198 1035 2277; x_wconf 84' lang='lat' dir='ltr'>,Homo</span> <span class='ocrx_word' id='word_1_156' title='bbox 1052 2199 1173 2263; x_wconf 89' lang='lat' dir='ltr'>Bacchi</span> <span class='ocrx_word' id='word_1_157' title='bbox 1188 2200 1337 2282; x_wconf 82' lang='lat' dir='ltr'>plenus“,</span> 
     </span>
    </p>
   </div>
   <div class='ocr_carea' id='block_1_14' title="bbox 105 2303 1337 2390">
    <p class='ocr_par' dir='ltr' id='par_1_14' title="bbox 105 2303 1337 2390">
     <span class='ocr_line' id='line_1_21' title="bbox 105 2303 1337 2390; baseline 0 -21"><span class='ocrx_word' id='word_1_158' title='bbox 105 2304 117 2308; x_wconf 47' lang='lat'>⁴⁴</span> <span class='ocrx_word' id='word_1_159' title='bbox 157 2307 263 2389; x_wconf 86' lang='lat' dir='ltr'>inquit</span> <span class='ocrx_word' id='word_1_160' title='bbox 285 2305 407 2369; x_wconf 90' lang='lat' dir='ltr'>Peerlc.</span> <span class='ocrx_word' id='word_1_161' title='bbox 441 2303 488 2385; x_wconf 85' lang='lat' dir='ltr'>(in</span> <span class='ocrx_word' id='word_1_162' title='bbox 519 2327 591 2368; x_wconf 86' lang='lat' dir='ltr'>ann.</span> <span class='ocrx_word' id='word_1_163' title='bbox 617 2305 656 2367; x_wconf 90' lang='lat' dir='ltr'>ad</span> <span class='ocrx_word' id='word_1_164' title='bbox 680 2305 739 2368; x_wconf 93' lang='lat' dir='ltr'>hoc</span> <span class='ocrx_word' id='word_1_165' title='bbox 764 2305 915 2386; x_wconf 86' lang='lat' dir='ltr'>carmen),</span> <span class='ocrx_word' id='word_1_166' title='bbox 945 2328 1024 2383; x_wconf 84' lang='lat' dir='ltr'>,non</span> <span class='ocrx_word' id='word_1_167' title='bbox 1049 2307 1188 2390; x_wconf 79' lang='lat' dir='ltr'>cogitate</span> <span class='ocrx_word' id='word_1_168' title='bbox 1212 2307 1337 2384; x_wconf 89' lang='lat' dir='ltr'>scribit,</span> 
     </span>
    </p>
   </div>
   <div class='ocr_carea' id='block_1_15' title="bbox 86 3636 107 3667">
    <p class='ocr_par' dir='ltr' id='par_1_15' title="bbox 86 3636 107 3667">
     <span class='ocr_line' id='line_1_22' title="bbox 86 3636 107 3667; baseline 0 0"><span class='ocrx_word' id='word_1_169' title='bbox 86 3636 107 3667; x_wconf 61' lang='lat' dir='ltr'>N</span> 
     </span>
    </p>
   </div>
   <div class='ocr_carea' id='block_1_16' title="bbox 155 2411 1338 2816">
    <p class='ocr_par' dir='ltr' id='par_1_16' title="bbox 155 2411 1338 2816">
     <span class='ocr_line' id='line_1_23' title="bbox 155 2411 1338 2496; baseline 0.001 -20"><span class='ocrx_word' id='word_1_170' title='bbox 155 2414 214 2476; x_wconf 89' lang='lat' dir='ltr'>sed</span> <span class='ocrx_word' id='word_1_171' title='bbox 249 2414 365 2496; x_wconf 85' lang='lat' dir='ltr'>spiritu</span> <span class='ocrx_word' id='word_1_172' title='bbox 400 2413 460 2476; x_wconf 89' lang='lat' dir='ltr'>isto</span> <span class='ocrx_word' id='word_1_173' title='bbox 494 2411 624 2475; x_wconf 89' lang='lat' dir='ltr'>inflatus</span> <span class='ocrx_word' id='word_1_174' title='bbox 659 2434 769 2475; x_wconf 85' lang='lat' dir='ltr'>versus</span> <span class='ocrx_word' id='word_1_175' title='bbox 805 2435 840 2475; x_wconf 88' lang='lat' dir='ltr'>ex</span> <span class='ocrx_word' id='word_1_176' title='bbox 868 2415 1011 2495; x_wconf 90' lang='lat' dir='ltr'>tempore</span> <span class='ocrx_word' id='word_1_177' title='bbox 1036 2413 1145 2476; x_wconf 86' lang='lat' dir='ltr'>dicit“.</span> <span class='ocrx_word' id='word_1_178' title='bbox 1194 2412 1287 2488; x_wconf 81' lang='lat' dir='ltr'>Quod</span> <span class='ocrx_word' id='word_1_179' title='bbox 1311 2415 1338 2477; x_wconf 89' lang='lat' dir='ltr'>si</span> 
     </span>
     <span class='ocr_line' id='line_1_24' title="bbox 156 2519 1337 2602; baseline 0.001 -19"><span class='ocrx_word' id='word_1_180' title='bbox 156 2519 279 2584; x_wconf 84' lang='lat' dir='ltr'>Peerlc.</span> <span class='ocrx_word' id='word_1_181' title='bbox 315 2520 377 2583; x_wconf 90' lang='lat' dir='ltr'>sibi</span> <span class='ocrx_word' id='word_1_182' title='bbox 411 2520 581 2602; x_wconf 85' lang='lat' dir='ltr'>persuasit,</span> <span class='ocrx_word' id='word_1_183' title='bbox 616 2541 684 2583; x_wconf 90' lang='lat' dir='ltr'>rem</span> <span class='ocrx_word' id='word_1_184' title='bbox 718 2520 765 2582; x_wconf 86' lang='lat' dir='ltr'>ita</span> <span class='ocrx_word' id='word_1_185' title='bbox 796 2541 829 2581; x_wconf 91' lang='lat' dir='ltr'>sc</span> <span class='ocrx_word' id='word_1_186' title='bbox 852 2519 982 2596; x_wconf 90' lang='lat' dir='ltr'>habere,</span> <span class='ocrx_word' id='word_1_187' title='bbox 1014 2542 1117 2582; x_wconf 91' lang='lat' dir='ltr'>nonne</span> <span class='ocrx_word' id='word_1_188' title='bbox 1141 2542 1272 2583; x_wconf 86' lang='lat' dir='ltr'>carmen</span> <span class='ocrx_word' id='word_1_189' title='bbox 1297 2522 1337 2584; x_wconf 90' lang='lat' dir='ltr'>ab</span> 
     </span>
     <span class='ocr_line' id='line_1_25' title="bbox 157 2625 1336 2711; baseline 0 -21"><span class='ocrx_word' id='word_1_190' title='bbox 157 2628 295 2711; x_wconf 84' lang='lat' dir='ltr'>argutiis</span> <span class='ocrx_word' id='word_1_191' title='bbox 328 2627 551 2711; x_wconf 84' lang='lat' dir='ltr'>hypercriticis</span> <span class='ocrx_word' id='word_1_192' title='bbox 583 2627 832 2692; x_wconf 60' lang='lat' dir='ltr'>defendendum,</span> <span class='ocrx_word' id='word_1_193' title='bbox 852 2629 921 2688; x_wconf 75' lang='lat' dir='ltr'>est?</span> <span class='ocrx_word' id='word_1_194' title='bbox 969 2625 1182 2690; x_wconf 88' lang='lat' dir='ltr'>Consideratis</span> <span class='ocrx_word' id='word_1_195' title='bbox 1207 2626 1257 2689; x_wconf 93' lang='lat' dir='ltr'>his</span> <span class='ocrx_word' id='word_1_196' title='bbox 1281 2649 1336 2690; x_wconf 91' lang='lat' dir='ltr'>re-</span> 
     </span>
     <span class='ocr_line' id='line_1_26' title="bbox 157 2733 1336 2816; baseline -0.002 -16"><span class='ocrx_word' id='word_1_197' title='bbox 157 2737 216 2800; x_wconf 91' lang='lat' dir='ltr'>bus</span> <span class='ocrx_word' id='word_1_198' title='bbox 240 2758 302 2798; x_wconf 89' lang='lat' dir='ltr'>non</span> <span class='ocrx_word' id='word_1_199' title='bbox 327 2739 375 2797; x_wconf 90' lang='lat' dir='ltr'>est</span> <span class='ocrx_word' id='word_1_200' title='bbox 398 2734 618 2810; x_wconf 90' lang='lat' dir='ltr'>dubitandum,</span> <span class='ocrx_word' id='word_1_201' title='bbox 644 2734 721 2815; x_wconf 91' lang='lat' dir='ltr'>quin</span> <span class='ocrx_word' id='word_1_202' title='bbox 744 2733 786 2795; x_wconf 87' lang='lat' dir='ltr'>sit</span> <span class='ocrx_word' id='word_1_203' title='bbox 810 2754 938 2796; x_wconf 86' lang='lat' dir='ltr'>carmen</span> <span class='ocrx_word' id='word_1_204' title='bbox 954 2755 1160 2816; x_wconf 74' lang='lat' dir='ltr'>germanum.</span> <span class='ocrx_word' id='word_1_205' title='bbox 1208 2733 1336 2816; x_wconf 83' lang='lat' dir='ltr'>Neque,</span> 
     </span>
    </p>
   </div>
   <div class='ocr_carea' id='block_1_17' title="bbox 154 2839 1380 2935">
    <p class='ocr_par' dir='ltr' id='par_1_17' title="bbox 154 2839 1380 2935">
     <span class='ocr_line' id='line_1_27' title="bbox 154 2839 1380 2935; baseline 0 -31"><span class='ocrx_word' id='word_1_206' title='bbox 154 2844 239 2925; x_wconf 89' lang='lat' dir='ltr'>quod</span> <span class='ocrx_word' id='word_1_207' title='bbox 264 2843 372 2918; x_wconf 92' lang='lat' dir='ltr'>sciam,</span> <span class='ocrx_word' id='word_1_208' title='bbox 398 2841 566 2922; x_wconf 89' lang='lat' dir='ltr'>quisquam</span> <span class='ocrx_word' id='word_1_209' title='bbox 589 2844 707 2924; x_wconf 88' lang='lat' dir='ltr'>praeter</span> <span class='ocrx_word' id='word_1_210' title='bbox 731 2839 911 2935; x_wconf 80' lang='lat' dir='ltr'>Cruppium</span> <span class='ocrx_word' id='word_1_211' title='bbox 932 2844 1036 2903; x_wconf 85' lang='lat' dir='ltr'>totum</span> <span class='ocrx_word' id='word_1_212' title='bbox 1060 2862 1188 2904; x_wconf 91' lang='lat' dir='ltr'>carmen</span> <span class='ocrx_word' id='word_1_213' title='bbox 1213 2840 1337 2905; x_wconf 90' lang='lat' dir='ltr'>reicere</span> <span class='ocrx_word' id='word_1_214' title='bbox 1371 2875 1380 2889; x_wconf 85' lang='lat'><strong>·</strong></span> 
     </span>
    </p>
   </div>
   <div class='ocr_carea' id='block_1_18' title="bbox 154 2946 1332 3132">
    <p class='ocr_par' dir='ltr' id='par_1_18' title="bbox 154 2946 1332 3132">
     <span class='ocr_line' id='line_1_28' title="bbox 154 2946 1332 3030; baseline -0.002 -17"><span class='ocrx_word' id='word_1_215' title='bbox 154 2950 265 3014; x_wconf 84' lang='lat' dir='ltr'>voluit.</span> <span class='ocrx_word' id='word_1_216' title='bbox 313 2947 514 3030; x_wconf 83' lang='lat' dir='ltr'>Explicatum</span> <span class='ocrx_word' id='word_1_217' title='bbox 538 2969 612 3010; x_wconf 85' lang='lat' dir='ltr'>vero</span> <span class='ocrx_word' id='word_1_218' title='bbox 638 2950 685 3010; x_wconf 89' lang='lat' dir='ltr'>est</span> <span class='ocrx_word' id='word_1_219' title='bbox 709 2969 727 3008; x_wconf 91' lang='lat' dir='ltr'>a</span> <span class='ocrx_word' id='word_1_220' title='bbox 750 2946 847 3010; x_wconf 90' lang='lat' dir='ltr'>schol.</span> <span class='ocrx_word' id='word_1_221' title='bbox 873 2952 905 3010; x_wconf 85' lang='lat' dir='ltr'>et</span> <span class='ocrx_word' id='word_1_222' title='bbox 929 2970 947 3009; x_wconf 92' lang='lat' dir='ltr'>a</span> <span class='ocrx_word' id='word_1_223' title='bbox 970 2946 1135 3024; x_wconf 91' lang='lat' dir='ltr'>Diomede,</span> <span class='ocrx_word' id='word_1_224' title='bbox 1153 2946 1332 3026; x_wconf 89' lang='lat' dir='ltr'>Priscian0,</span> 
     </span>
     <span class='ocr_line' id='line_1_29' title="bbox 155 3055 886 3132; baseline -0.003 -13"><span class='ocrx_word' id='word_1_225' title='bbox 155 3055 330 3132; x_wconf 71' lang='lat' dir='ltr'>Victorino,</span> <span class='ocrx_word' id='word_1_226' title='bbox 355 3055 475 3131; x_wconf 81' lang='lat' dir='ltr'>Servio,</span> <span class='ocrx_word' id='word_1_227' title='bbox 500 3055 571 3117; x_wconf 89' lang='lat' dir='ltr'>aliis</span> <span class='ocrx_word' id='word_1_228' title='bbox 596 3058 886 3117; x_wconf 90' lang='lat' dir='ltr'>commemoratum.</span> 
     </span>
    </p>
   </div>
   <div class='ocr_carea' id='block_1_19' title="bbox 153 3267 1335 3778">
    <p class='ocr_par' dir='ltr' id='par_1_19' title="bbox 153 3267 1335 3778">
     <span class='ocr_line' id='line_1_30' title="bbox 267 3267 797 3330; baseline -0.006 -8"><span class='ocrx_word' id='word_1_229' title='bbox 267 3267 285 3330; x_wconf 85' lang='lat'>¹]</span> <span class='ocrx_word' id='word_1_230' title='bbox 305 3277 354 3322; x_wconf 83' lang='lat' dir='ltr'>Ofr.</span> <span class='ocrx_word' id='word_1_231' title='bbox 374 3276 509 3321; x_wconf 84' lang='lat' dir='ltr'>Vossium:</span> <span class='ocrx_word' id='word_1_232' title='bbox 726 3287 797 3319; x_wconf 87' lang='lat' dir='ltr'>ouo</span> 
     </span>
     <span class='ocr_line' id='line_1_31' title="bbox 369 3363 1144 3421; baseline -0.003 -12"><span class='ocrx_word' id='word_1_233' title='bbox 369 3366 434 3409; x_wconf 74' lang='lat' dir='ltr'>Hert</span> <span class='ocrx_word' id='word_1_234' title='bbox 453 3364 520 3409; x_wconf 90' lang='lat' dir='ltr'>mich</span> <span class='ocrx_word' id='word_1_235' title='bbox 539 3363 735 3421; x_wconf 78' lang='lat' dir='ltr'>Felsengewdlb’</span> <span class='ocrx_word' id='word_1_236' title='bbox 756 3364 800 3408; x_wconf 91' lang='lat' dir='ltr'>ihn</span> <span class='ocrx_word' id='word_1_237' title='bbox 819 3364 864 3408; x_wconf 86' lang='lat' dir='ltr'>des</span> <span class='ocrx_word' id='word_1_238' title='bbox 882 3363 1080 3421; x_wconf 85' lang='lat' dir='ltr'>ungleichbaren</span> <span class='ocrx_word' id='word_1_239' title='bbox 1143 3369 1144 3376; x_wconf 59' lang='lat'>¹</span> 
     </span>
     <span class='ocr_line' id='line_1_32' title="bbox 370 3453 843 3507; baseline -0.006 -8"><span class='ocrx_word' id='word_1_240' title='bbox 370 3455 461 3500; x_wconf 73' lang='lat' dir='ltr'>Glisars</span> <span class='ocrx_word' id='word_1_241' title='bbox 481 3453 574 3507; x_wconf 73' lang='lat' dir='ltr'>eivigen</span> <span class='ocrx_word' id='word_1_242' title='bbox 594 3453 666 3497; x_wconf 87' lang='lat' dir='ltr'>Preis</span> <span class='ocrx_word' id='word_1_243' title='bbox 685 3453 733 3497; x_wconf 91' lang='lat' dir='ltr'>mit</span> <span class='ocrx_word' id='word_1_244' title='bbox 753 3453 814 3497; x_wconf 85' lang='lat' dir='ltr'>Glut</span> <span class='ocrx_word' id='word_1_245' title='bbox 840 3479 843 3483; x_wconf 58' lang='lat'>&gt;</span> 
     </span>
     <span class='ocr_line' id='line_1_33' title="bbox 369 3541 796 3588; baseline -0.002 -1"><span class='ocrx_word' id='word_1_246' title='bbox 369 3545 406 3588; x_wconf 90' lang='lat' dir='ltr'>Zu</span> <span class='ocrx_word' id='word_1_247' title='bbox 426 3543 473 3587; x_wconf 88' lang='lat' dir='ltr'>den</span> <span class='ocrx_word' id='word_1_248' title='bbox 493 3544 598 3587; x_wconf 74' lang='lat' dir='ltr'>Sternen</span> <span class='ocrx_word' id='word_1_249' title='bbox 618 3541 729 3586; x_wconf 77' lang='lat' dir='ltr'>erhdhn?</span> <span class='ocrx_word' id='word_1_250' title='bbox 749 3544 796 3586; x_wconf 89' lang='lat' dir='ltr'>cet.</span> 
     </span>
     <span class='ocr_line' id='line_1_34' title="bbox 266 3624 1335 3690; baseline -0.001 -12"><span class='ocrx_word' id='word_1_251' title='bbox 266 3624 284 3686; x_wconf 66' lang='lat' dir='ltr'>a)</span> <span class='ocrx_word' id='word_1_252' title='bbox 304 3634 354 3679; x_wconf 81' lang='lat' dir='ltr'>Cfr.</span> <span class='ocrx_word' id='word_1_253' title='bbox 377 3632 507 3678; x_wconf 89' lang='lat' dir='ltr'>Kellerum</span> <span class='ocrx_word' id='word_1_254' title='bbox 529 3632 627 3690; x_wconf 84' lang='lat' dir='ltr'>Epileg.</span> <span class='ocrx_word' id='word_1_255' title='bbox 653 3632 703 3676; x_wconf 83' lang='lat'>266</span> <span class='ocrx_word' id='word_1_256' title='bbox 728 3632 746 3675; x_wconf 69' lang='grc' dir='ltr'>ἁ</span> <span class='ocrx_word' id='word_1_257' title='bbox 770 3632 803 3676; x_wconf 89' lang='grc' dir='ltr'>Μ.</span> <span class='ocrx_word' id='word_1_258' title='bbox 823 3631 869 3677; x_wconf 87' lang='lat' dir='ltr'>Rh.</span> <span class='ocrx_word' id='word_1_259' title='bbox 892 3632 932 3685; x_wconf 87' lang='lat'>19,</span> <span class='ocrx_word' id='word_1_260' title='bbox 954 3632 1018 3676; x_wconf 78' lang='lat'>212:</span> <span class='ocrx_word' id='word_1_261' title='bbox 1038 3631 1091 3676; x_wconf 82' lang='lat' dir='ltr'>Das</span> <span class='ocrx_word' id='word_1_262' title='bbox 1110 3631 1266 3688; x_wconf 85' lang='lat' dir='ltr'>gesteigerte</span> <span class='ocrx_word' id='word_1_263' title='bbox 1285 3632 1335 3677; x_wconf 87' lang='lat' dir='ltr'>Pa·</span> 
     </span>
     <span class='ocr_line' id='line_1_35' title="bbox 153 3720 1313 3778; baseline 0 -11"><span class='ocrx_word' id='word_1_264' title='bbox 153 3722 214 3768; x_wconf 79' lang='lat' dir='ltr'>thos</span> <span class='ocrx_word' id='word_1_265' title='bbox 234 3724 268 3768; x_wconf 83' lang='lat' dir='ltr'>ist</span> <span class='ocrx_word' id='word_1_266' title='bbox 287 3722 503 3768; x_wconf 86' lang='lat' dir='ltr'>missvcrstanden</span> <span class='ocrx_word' id='word_1_267' title='bbox 521 3721 630 3775; x_wconf 86' lang='lat' dir='ltr'>worden,</span> <span class='ocrx_word' id='word_1_268' title='bbox 650 3721 696 3765; x_wconf 86' lang='lat' dir='ltr'>das</span> <span class='ocrx_word' id='word_1_269' title='bbox 714 3720 798 3765; x_wconf 86' lang='lat' dir='ltr'>Horaz</span> <span class='ocrx_word' id='word_1_270' title='bbox 817 3722 892 3765; x_wconf 86' lang='lat' dir='ltr'>unter</span> <span class='ocrx_word' id='word_1_271' title='bbox 911 3720 1071 3765; x_wconf 74' lang='lat' dir='ltr'>Umsttnden</span> <span class='ocrx_word' id='word_1_272' title='bbox 1090 3733 1152 3778; x_wconf 84' lang='lat' dir='ltr'>geru</span> <span class='ocrx_word' id='word_1_273' title='bbox 1172 3720 1313 3767; x_wconf 80' lang='lat' dir='ltr'>anwendet.</span> 
     </span>
    </p>
   </div>
   <div class='ocr_carea' id='block_1_20' title="bbox 134 917 1381 1001">
    <p class='ocr_par' dir='ltr' id='par_1_20' title="bbox 134 917 1381 1001">
     <span class='ocr_line' id='line_1_36' title="bbox 134 917 1381 1001; baseline -0.002 -22"><span class='ocrx_word' id='word_1_274' title='bbox 134 937 228 996; x_wconf 52' lang='lat' dir='ltr'>⁵seos</span> <span class='ocrx_word' id='word_1_275' title='bbox 252 938 354 1001; x_wconf 80' lang='lat' dir='ltr'>genus</span> <span class='ocrx_word' id='word_1_276' title='bbox 378 917 533 1000; x_wconf 85' lang='lat' dir='ltr'>gravitati</span> <span class='ocrx_word' id='word_1_277' title='bbox 556 939 756 980; x_wconf 85' lang='lat' dir='ltr'>romanorum</span> <span class='ocrx_word' id='word_1_278' title='bbox 776 939 838 980; x_wconf 92' lang='lat' dir='ltr'>non</span> <span class='ocrx_word' id='word_1_279' title='bbox 859 922 928 993; x_wconf 83' lang='lat' dir='ltr'>erat</span> <span class='ocrx_word' id='word_1_280' title='bbox 944 921 1065 1000; x_wconf 85' lang='lat' dir='ltr'>aptum,</span> <span class='ocrx_word' id='word_1_281' title='bbox 1091 922 1123 981; x_wconf 91' lang='lat' dir='ltr'>et</span> <span class='ocrx_word' id='word_1_282' title='bbox 1139 917 1236 981; x_wconf 86' lang='lat' dir='ltr'>facile</span> <span class='ocrx_word' id='word_1_283' title='bbox 1253 918 1342 1001; x_wconf 91' lang='lat' dir='ltr'>apud</span> <span class='ocrx_word' id='word_1_284' title='bbox 1377 936 1381 977; x_wconf 93' lang='grc'>·.</span> 
     </span>
    </p>
   </div>
   <div class='ocr_carea' id='block_1_21' title="bbox 0 0 1388 4590">
    <p class='ocr_par' dir='ltr' id='par_1_21' title="bbox 0 0 1388 4590">
     <span class='ocr_line' id='line_1_37' title="bbox 0 0 1388 4590; baseline 0 2"><span class='ocrx_word' id='word_1_285' title='bbox 0 0 1388 4590; x_wconf 95' lang='lat' dir='ltr'> </span> 
     </span>
    </p>
   </div>
  </div>
 </body>
</html>
