2766 4590
557 231 731 294 ,23-

10 405 23 422 ‘¹
56 404 110 491 ¹llt
136 405 334 489 superbiens:
375 409 528 488 „neque“‚
553 407 666 489 inquit,
697 409 748 486 „in
776 404 852 474 voce
880 412 1024 495 privatus
1052 414 1117 476 iam
1141 417 1229 498 quis-

75 534 152 594 quam
166 512 303 576 haerebit
318 513 487 596 amplius“.
526 513 606 579 Haec
622 519 729 579 autem
745 538 817 600 spes
834 540 906 580 eum
922 518 1048 583 fefellit.
1086 519 1229 607 (tuning-

10 619 14 656 -’
74 617 180 682 luamius
215 621 248 682 et
282 617 397 683 Sanad.
434 641 451 683 e
487 620 593 684 codice
628 622 733 686 nescio
769 645 830 705 quo
856 627 994 707 priuatis
1018 631 1164 691 eruentes
1189 630 1229 693 ab

10 761 12 765 ·
71 725 250 789 incommodo
274 726 455 790 discessisse
478 727 540 790 sibi
563 727 765 793 videbantur.
811 729 879 793 Alii
900 733 1045 814 pri-uatus
1071 734 1230 817 explicant

69 829 155 916 qaooi'
179 834 223 895 sis
254 835 410 916 privatae,
445 834 529 917 quod
563 857 626 898 non
661 836 814 900 credibile
842 837 979 901 videtur.
1026 838 1142 903 Melius
1165 841 1230 905 iam

68 937 173 1021 Porph.
197 938 427 1023 interpretatus
451 944 500 1021 est
522 962 619 1025 quom
641 944 686 1005 sis
703 944 860 1025 priuatae.
897 943 1002 1018 Quum
1027 949 1132 1009 autem
1149 946 1229 1012 Mae·
1269 1013 1270 1017 ,

67 1067 159 1124 cenas,
187 1050 224 1109 ut
247 1045 380 1130 vulgata
403 1047 467 1111 fert
490 1047 605 1131 opinio,
634 1047 781 1133 Augusto
806 1049 937 1113 absente
960 1051 1132 1133 praefectus
1156 1054 1229 1118 urbi

64 1153 160 1230 tuerit,
195 1152 290 1216 multi
323 1153 380 1217 illa
414 1154 622 1237 explicatione
656 1176 752 1239 quum
775 1158 819 1218 sis
838 1159 985 1240 pravatus
1014 1158 1226 1238 offenduntur,

64 1260 112 1323 sed
144 1259 332 1324 difficultate
367 1282 401 1324 se
436 1260 574 1325 liberant
609 1265 665 1324 aut
699 1262 841 1326 dicentes
876 1286 982 1327 omnes
1010 1287 1077 1348 prae
1102 1265 1229 1330 Caesare

62 1366 194 1451 privatos
229 1366 328 1431 fuisse
364 1371 420 1430 aut
454 1391 483 1431 v.
513 1390 540 1431 c.
571 1389 643 1432 cum
666 1367 790 1432 Rittero
815 1369 981 1434 addentes:
1017 1372 1053 1434 u'd
1074 1380 1118 1436 est
1140 1375 1229 1437 attollo

61 1476 242 1556 auroqistrotu
271 1474 384 1556 populi
417 1476 507 1537 iussu
529 1475 696 1558 proditus,
751 1475 870 1559 Quippe
893 1478 983 1540 ullam
1006 1500 1116 1542 curam
1139 1487 1230 1543 entra

57 1581 194 1644 ordinem
228 1601 249 1642 a
284 1579 407 1644 Coesore
440 1588 607 1664 acceperut.
658 1581 773 1644 Melius
809 1582 871 1646 erit
902 1583 1022 1647 nullam
1045 1585 1111 1649 vim
1133 1587 1230 1650 verbo

59 1688 227 1752 obtrusisse
261 1687 324 1750 nisi
358 1709 438 1762 eam,
474 1709 545 1770 quae
568 1686 710 1770 Augusti
733 1692 875 1771 tempore
898 1711 972 1753 vere
996 1691 1029 1753 in
1054 1713 1089 1755 eo
1112 1692 1228 1770 inerat,

58 1795 176 1858 omissis
212 1795 358 1858 omnibus
393 1794 539 1877 argutiis.
586 1793 687 1858 Nobis
714 1794 774 1859 hoc
798 1795 1070 1861 considerantibus
1095 1798 1225 1881 aptissi-

52 1924 140 1965 mum
174 1901 301 1965 videtur
336 1905 390 1964 aut
426 1924 496 1966 cum
531 1900 713 1984 Hoeoki01)
748 1906 861 1984 putare
889 1902 1099 1967 Maecenatem
1133 1927 1227 1968 num·

53 2031 149 2093 quam
172 2008 272 2071 fuisse
296 2008 485 2091 praefectum
509 2007 591 2084 urbi,
622 2012 677 2071 aut
700 2012 787 2072 certe
811 2031 883 2072 cum
905 2008 942 2072 L.
968 2009 1122 2074 Muellero
1147 2010 1228 2075 Mae·

53 2119 199 2180 cenatem
234 2137 270 2178 eo
305 2118 447 2198 tempore
481 2136 544 2178 non
577 2114 636 2177 tali
663 2137 794 2179 munere
817 2115 963 2180 functum
986 2138 1065 2180 esse.
1112 2115 1147 2181 Si
1170 2117 1229 2182 tali

10 2254 13 2309 2
52 2223 144 2287 modo
167 2244 237 2286 rem
261 2222 523 2305 expediremus,
552 2244 632 2298 „non
655 2221 848 2286 haerebimus
873 2222 1038 2311 ampliuus“

10 2326 12 2335 '
161 2329 306 2393 Tandem
339 2328 367 2391 si
402 2350 509 2392 omnes
544 2329 611 2392 sive
645 2350 737 2393 veras
761 2329 827 2392 sive
851 2329 942 2393 fictas
967 2330 1171 2394 difficultates
1194 2331 1228 2393 in

10 2418 12 2467 3
52 2440 226 2521 conspectu
260 2436 414 2513 videmus,
449 2458 526 2498 num
548 2435 724 2518 probabilis
754 2440 931 2513 causaest,
968 2459 1024 2500 cur
1048 2440 1103 2499 aut
1126 2441 1228 2500 toturn

52 2567 182 2609 carmen
211 2546 267 2607 aut
289 2543 437 2626 aliquam
461 2542 610 2607 carminis
634 2547 759 2626 partem
782 2542 924 2626 spuriam
948 2564 1016 2606 esse
1041 2543 1227 2607 credamus?

54 2651 216 2734 Equidem
240 2650 374 2714 candide
398 2649 549 2713 confiteor
572 2671 622 2712 me
645 2649 768 2712 nullam
791 2649 942 2732 reperire.
978 2649 1126 2713 Editores
1145 2649 1228 2712 enim

52 2762 85 2822 et
114 2760 379 2822 commentatores
402 2757 436 2818 in
461 2755 656 2838 explicandis
679 2757 785 2832 rebus,
810 2777 881 2838 quae
906 2757 1027 2819 duobus
1050 2755 1118 2818 fere
1141 2755 1227 2818 mili-

53 2865 113 2928 bus
142 2885 298 2927 annorum
321 2867 395 2927 ante
419 2866 561 2926 nostram
584 2865 712 2925 aetatem
736 2866 828 2945 gesta
851 2863 925 2940 sint,
961 2862 1044 2925 inter
1068 2883 1136 2924 sese
1161 2861 1226 2924 dis-

50 2971 172 3035 sentire
203 2970 280 3053 quid
309 2973 366 3046 est,
397 2969 479 3051 quod
502 2968 675 3057 miremur?
725 2967 824 3031 lmmo
849 2968 876 3031 si
900 2969 1039 3032 omnium
1063 2967 1228 3032 sententiae

56 3080 283 3162 congruerent,
319 3076 418 3139 multo
453 3075 557 3160 magis
580 3075 697 3138 mirum
721 3069 803 3138 esset
827 3074 1109 3151 considerantibus,
1134 3096 1230 3157 quam

53 3185 155 3248 multa
187 3184 229 3247 de
258 3183 354 3247 Hono
383 3182 503 3265 scripta
526 3182 599 3258 sint,
635 3203 794 3264 quamque
829 3182 954 3245 diversa
977 3181 1041 3244 sint
1064 3180 1229 3244 hominum

50 3291 172 3374 palata.
219 3289 322 3353 Multo
356 3289 431 3353 huic
466 3289 602 3371 tempori
636 3288 798 3371 propiores
832 3289 921 3351 fuere
956 3287 1137 3370 scriptores,
1173 3288 1229 3370 qui

51 3420 144 3481 paene
168 3397 302 3460 infinitis
326 3396 476 3479 explicati
499 3399 573 3458 sunt
602 3396 846 3472 commentariis,
870 3417 975 3478 neque
999 3399 1106 3458 tamen
1130 3417 1227 3477 prop·

53 3509 144 3568 terea
168 3503 388 3568 commenticia
412 3506 444 3566 et
467 3502 658 3586 interpolata
683 3525 791 3566 eorum
813 3501 933 3585 scripta
953 3502 1072 3566 habere
1089 3501 1122 3564 in
1137 3523 1227 3564 men·

53 3616 121 3675 tem
144 3611 295 3701 cuiquam
317 3610 410 3674 renit.

164 3718 405 3782 Procouomaa
428 3724 488 3780 esto
511 3716 796 3799 hypercriticorum
819 3717 936 3782 clamer
959 3716 988 3778 dr
1010 3715 1081 3777 iro!

166 3949 183 4012 ¹)
202 3958 338 4004 Rbmische
358 3957 519 4011 Geschichte,
540 3957 560 4001 I:
582 3957 641 4001 312.
