<?xml version="1.0" encoding="UTF-8"?>
<!DOCTYPE html PUBLIC "-//W3C//DTD XHTML 1.0 Transitional//EN"
    "http://www.w3.org/TR/xhtml1/DTD/xhtml1-transitional.dtd">
<html xmlns="http://www.w3.org/1999/xhtml" xml:lang="en" lang="en">
 <head>
  <title>
</title>
<meta http-equiv="Content-Type" content="text/html;charset=utf-8" />
  <meta name='ocr-system' content='tesseract 3.04.00' />
  <meta name='ocr-capabilities' content='ocr_page ocr_carea ocr_par ocr_line ocrx_word'/>
</head>
<body>
  <div class='ocr_page' id='page_1' title='image "./delocistertiiho00olssgoog_0016.png"; bbox 0 0 2804 4582; ppageno 0'>
   <div class='ocr_carea' id='block_1_1' title="bbox 622 184 774 246">
    <p class='ocr_par' dir='ltr' id='par_1_1' title="bbox 622 184 774 246">
     <span class='ocr_line' id='line_1_1' title="bbox 622 184 774 246; baseline 0 -20"><span class='ocrx_word' id='word_1_1' title='bbox 622 184 774 246; x_wconf 57' lang='lat'><strong>-7-</strong></span> 
     </span>
    </p>
   </div>
   <div class='ocr_carea' id='block_1_2' title="bbox 106 362 1331 3646">
    <p class='ocr_par' dir='ltr' id='par_1_2' title="bbox 108 362 1285 873">
     <span class='ocr_line' id='line_1_2' title="bbox 108 362 1285 447; baseline 0.002 -22"><span class='ocrx_word' id='word_1_2' title='bbox 108 364 217 440; x_wconf 83' lang='lat' dir='ltr'><strong>simus,</strong></span> <span class='ocrx_word' id='word_1_3' title='bbox 243 362 497 427; x_wconf 89' lang='lat' dir='ltr'><strong>coniecturarum</strong></span> <span class='ocrx_word' id='word_1_4' title='bbox 520 362 676 444; x_wconf 90' lang='lat' dir='ltr'><strong>prompsit</strong></span> <span class='ocrx_word' id='word_1_5' title='bbox 698 362 884 438; x_wconf 88' lang='lat' dir='ltr'><strong>centuriam,</strong></span> <span class='ocrx_word' id='word_1_6' title='bbox 909 386 1045 446; x_wconf 89' lang='lat' dir='ltr'><strong>quarum</strong></span> <span class='ocrx_word' id='word_1_7' title='bbox 1060 364 1140 427; x_wconf 93' lang='lat' dir='ltr'><strong>mihi</strong></span> <span class='ocrx_word' id='word_1_8' title='bbox 1156 364 1285 447; x_wconf 91' lang='lat' dir='ltr'><strong>quidem</strong></span> 
     </span>
     <span class='ocr_line' id='line_1_3' title="bbox 109 450 1283 552; baseline 0.003 -21"><span class='ocrx_word' id='word_1_9' title='bbox 109 470 181 532; x_wconf 85' lang='lat' dir='ltr'><strong>duae</strong></span> <span class='ocrx_word' id='word_1_10' title='bbox 216 469 330 533; x_wconf 90' lang='lat' dir='ltr'><strong>saltem</strong></span> <span class='ocrx_word' id='word_1_11' title='bbox 353 450 473 552; x_wconf 35' lang='lat' dir='ltr'><strong>&#39;partes</strong></span> <span class='ocrx_word' id='word_1_12' title='bbox 509 471 641 550; x_wconf 89' lang='lat' dir='ltr'><strong>aspectu</strong></span> <span class='ocrx_word' id='word_1_13' title='bbox 663 468 767 551; x_wconf 92' lang='lat' dir='ltr'><strong>primo</strong></span> <span class='ocrx_word' id='word_1_14' title='bbox 790 469 1008 552; x_wconf 72' lang='lat' dir='ltr'>improbandae</span> <span class='ocrx_word' id='word_1_15' title='bbox 1033 493 1100 534; x_wconf 91' lang='lat' dir='ltr'><strong>esse</strong></span> <span class='ocrx_word' id='word_1_16' title='bbox 1123 471 1283 535; x_wconf 76' lang='lat' dir='ltr'><strong>ridentur.</strong></span> 
     </span>
     <span class='ocr_line' id='line_1_4' title="bbox 109 574 1284 659; baseline 0.002 -21"><span class='ocrx_word' id='word_1_17' title='bbox 109 576 172 651; x_wconf 76' lang='lat' dir='ltr'><strong>aui</strong></span> <span class='ocrx_word' id='word_1_18' title='bbox 207 579 313 639; x_wconf 87' lang='lat' dir='ltr'><strong>autem</strong></span> <span class='ocrx_word' id='word_1_19' title='bbox 348 579 416 638; x_wconf 88' lang='lat' dir='ltr'><strong>tam</strong></span> <span class='ocrx_word' id='word_1_20' title='bbox 449 574 659 659; x_wconf 78' lang='lat' dir='ltr'><strong>neglegenter</strong></span> <span class='ocrx_word' id='word_1_21' title='bbox 694 579 872 639; x_wconf 86' lang='lat' dir='ltr'><strong>contextum</strong></span> <span class='ocrx_word' id='word_1_22' title='bbox 900 576 1103 640; x_wconf 77' lang='lat' dir='ltr'><strong>horatianum</strong></span> <span class='ocrx_word' id='word_1_23' title='bbox 1132 582 1284 655; x_wconf 89' lang='lat' dir='ltr'><strong>tractant,</strong></span> 
     </span>
     <span class='ocr_line' id='line_1_5' title="bbox 109 682 1284 767; baseline 0.001 -21"><span class='ocrx_word' id='word_1_24' title='bbox 109 683 334 767; x_wconf 87' lang='lat' dir='ltr'><strong>hypercriticis</strong></span> <span class='ocrx_word' id='word_1_25' title='bbox 358 705 397 746; x_wconf 93' lang='lat' dir='ltr'><strong>ne</strong></span> <span class='ocrx_word' id='word_1_26' title='bbox 422 705 476 745; x_wconf 90' lang='lat' dir='ltr'><strong>suo</strong></span> <span class='ocrx_word' id='word_1_27' title='bbox 500 682 590 745; x_wconf 79' lang='lat' dir='ltr'><strong>niodo</strong></span> <span class='ocrx_word' id='word_1_28' title='bbox 616 704 688 745; x_wconf 93' lang='lat' dir='ltr'><strong>eum</strong></span> <span class='ocrx_word' id='word_1_29' title='bbox 711 686 835 746; x_wconf 90' lang='lat' dir='ltr'><strong>mutent</strong></span> <span class='ocrx_word' id='word_1_30' title='bbox 856 684 999 767; x_wconf 79' lang='lat' dir='ltr'><strong>graviter</strong></span> <span class='ocrx_word' id='word_1_31' title='bbox 1016 685 1206 748; x_wconf 73' lang='lat' dir='ltr'><strong>interdicere</strong></span> <span class='ocrx_word' id='word_1_32' title='bbox 1222 707 1284 747; x_wconf 91' lang='lat' dir='ltr'><strong>non</strong></span> 
     </span>
     <span class='ocr_line' id='line_1_6' title="bbox 109 794 251 873; baseline -0.014 -19"><span class='ocrx_word' id='word_1_33' title='bbox 109 794 251 873; x_wconf 91' lang='lat' dir='ltr'><strong>possunt.</strong></span> 
     </span>
    </p>

    <p class='ocr_par' dir='ltr' id='par_1_3' title="bbox 106 896 1281 1086">
     <span class='ocr_line' id='line_1_7' title="bbox 216 896 1281 999; baseline 0.002 -41"><span class='ocrx_word' id='word_1_34' title='bbox 216 896 391 959; x_wconf 83' lang='lat' dir='ltr'><strong>Horatiani</strong></span> <span class='ocrx_word' id='word_1_35' title='bbox 414 896 517 958; x_wconf 82' lang='lat' dir='ltr'><strong>critici</strong></span> <span class='ocrx_word' id='word_1_36' title='bbox 539 903 567 958; x_wconf 91' lang='lat' dir='ltr'><strong>et</strong></span> <span class='ocrx_word' id='word_1_37' title='bbox 590 898 624 958; x_wconf 83' lang='lat' dir='ltr'><strong>ii</strong></span> <span class='ocrx_word' id='word_1_38' title='bbox 648 898 832 999; x_wconf 72' lang='lat' dir='ltr'><strong>poniectaris</strong></span> <span class='ocrx_word' id='word_1_39' title='bbox 854 896 1010 978; x_wconf 75' lang='lat' dir='ltr'><strong>faciendis</strong></span> <span class='ocrx_word' id='word_1_40' title='bbox 1033 905 1060 960; x_wconf 89' lang='lat' dir='ltr'><strong>ct</strong></span> <span class='ocrx_word' id='word_1_41' title='bbox 1084 900 1118 959; x_wconf 90' lang='lat' dir='ltr'><strong>ia</strong></span> <span class='ocrx_word' id='word_1_42' title='bbox 1141 905 1281 961; x_wconf 82' lang='lat' dir='ltr'><strong>statuen-</strong></span> 
     </span>
     <span class='ocr_line' id='line_1_8' title="bbox 106 1000 958 1086; baseline -0.001 -20"><span class='ocrx_word' id='word_1_43' title='bbox 106 1005 159 1066; x_wconf 86' lang='lat' dir='ltr'><strong>dis</strong></span> <span class='ocrx_word' id='word_1_44' title='bbox 182 1003 473 1086; x_wconf 73' lang='lat' dir='ltr'><strong>interpolationibus</strong></span> <span class='ocrx_word' id='word_1_45' title='bbox 495 1000 737 1065; x_wconf 73' lang='lat' dir='ltr'><strong>moderatissimi</strong></span> <span class='ocrx_word' id='word_1_46' title='bbox 760 1024 821 1066; x_wconf 85' lang='lat' dir='ltr'><strong>esse</strong></span> <span class='ocrx_word' id='word_1_47' title='bbox 844 1003 958 1066; x_wconf 86' lang='lat' dir='ltr'><strong>debent.</strong></span> 
     </span>
    </p>

    <p class='ocr_par' dir='ltr' id='par_1_4' title="bbox 109 1108 1331 3646">
     <span class='ocr_line' id='line_1_9' title="bbox 217 1108 1283 1193; baseline 0.001 -21"><span class='ocrx_word' id='word_1_48' title='bbox 217 1108 302 1174; x_wconf 90' lang='lat' dir='ltr'><strong>Hinc</strong></span> <span class='ocrx_word' id='word_1_49' title='bbox 324 1109 411 1172; x_wconf 94' lang='lat' dir='ltr'><strong>nullo</strong></span> <span class='ocrx_word' id='word_1_50' title='bbox 435 1109 524 1172; x_wconf 93' lang='lat' dir='ltr'><strong>modo</strong></span> <span class='ocrx_word' id='word_1_51' title='bbox 550 1109 696 1186; x_wconf 92' lang='lat' dir='ltr'><strong>efficitur,</strong></span> <span class='ocrx_word' id='word_1_52' title='bbox 720 1113 756 1171; x_wconf 92' lang='lat' dir='ltr'><strong>ut</strong></span> <span class='ocrx_word' id='word_1_53' title='bbox 780 1110 970 1174; x_wconf 86' lang='lat' dir='ltr'><strong>coniecturae</strong></span> <span class='ocrx_word' id='word_1_54' title='bbox 986 1110 1283 1193; x_wconf 88' lang='lat' dir='ltr'><strong>interpolationum-</strong></span> 
     </span>
     <span class='ocr_line' id='line_1_10' title="bbox 111 1216 1283 1300; baseline 0.002 -22"><span class='ocrx_word' id='word_1_55' title='bbox 111 1239 174 1299; x_wconf 87' lang='lat' dir='ltr'><strong>que</strong></span> <span class='ocrx_word' id='word_1_56' title='bbox 204 1216 425 1300; x_wconf 80' lang='lat' dir='ltr'><strong>indagationes</strong></span> <span class='ocrx_word' id='word_1_57' title='bbox 448 1238 577 1299; x_wconf 88' lang='lat' dir='ltr'><strong>prorsus</strong></span> <span class='ocrx_word' id='word_1_58' title='bbox 601 1216 665 1278; x_wconf 90' lang='lat' dir='ltr'><strong>sint</strong></span> <span class='ocrx_word' id='word_1_59' title='bbox 689 1217 885 1298; x_wconf 89' lang='lat' dir='ltr'><strong>spernendae,</strong></span> <span class='ocrx_word' id='word_1_60' title='bbox 911 1217 986 1280; x_wconf 93' lang='lat' dir='ltr'><strong>dum</strong></span> <span class='ocrx_word' id='word_1_61' title='bbox 1010 1239 1120 1280; x_wconf 89' lang='lat' dir='ltr'><strong>earum</strong></span> <span class='ocrx_word' id='word_1_62' title='bbox 1141 1218 1283 1281; x_wconf 89' lang='lat' dir='ltr'><strong>modicus</strong></span> 
     </span>
     <span class='ocr_line' id='line_1_11' title="bbox 109 1320 1285 1407; baseline 0.002 -22"><span class='ocrx_word' id='word_1_63' title='bbox 109 1325 169 1385; x_wconf 91' lang='lat' dir='ltr'><strong>fiat</strong></span> <span class='ocrx_word' id='word_1_64' title='bbox 202 1320 287 1386; x_wconf 88' lang='lat' dir='ltr'><strong>usus.</strong></span> <span class='ocrx_word' id='word_1_65' title='bbox 335 1322 570 1386; x_wconf 87' lang='lat' dir='ltr'><strong>Difficillimum</strong></span> <span class='ocrx_word' id='word_1_66' title='bbox 605 1322 689 1385; x_wconf 90' lang='lat' dir='ltr'><strong>enim</strong></span> <span class='ocrx_word' id='word_1_67' title='bbox 725 1323 823 1385; x_wconf 88' lang='lat' dir='ltr'><strong>etiam</strong></span> <span class='ocrx_word' id='word_1_68' title='bbox 854 1326 902 1386; x_wconf 90' lang='lat' dir='ltr'><strong>est</strong></span> <span class='ocrx_word' id='word_1_69' title='bbox 928 1324 1285 1407; x_wconf 86' lang='lat' dir='ltr'><strong>hyperconservativam</strong></span> 
     </span>
     <span class='ocr_line' id='line_1_12' title="bbox 111 1420 1312 1514; baseline 0 -21"><span class='ocrx_word' id='word_1_70' title='bbox 111 1430 257 1494; x_wconf 89' lang='lat' dir='ltr'><strong>criticam</strong></span> <span class='ocrx_word' id='word_1_71' title='bbox 292 1430 455 1502; x_wconf 85' lang='lat' dir='ltr'><strong>rationem¹</strong></span> <span class='ocrx_word' id='word_1_72' title='bbox 484 1429 646 1505; x_wconf 89' lang='lat' dir='ltr'><strong>adhibere,</strong></span> <span class='ocrx_word' id='word_1_73' title='bbox 682 1430 715 1491; x_wconf 92' lang='lat' dir='ltr'><strong>id</strong></span> <span class='ocrx_word' id='word_1_74' title='bbox 745 1430 829 1512; x_wconf 91' lang='lat' dir='ltr'><strong>quod</strong></span> <span class='ocrx_word' id='word_1_75' title='bbox 854 1453 870 1492; x_wconf 92' lang='lat' dir='ltr'><strong>e</strong></span> <span class='ocrx_word' id='word_1_76' title='bbox 894 1430 1017 1494; x_wconf 89' lang='lat' dir='ltr'><strong>Kelleri</strong></span> <span class='ocrx_word' id='word_1_77' title='bbox 1042 1431 1182 1514; x_wconf 90' lang='lat' dir='ltr'><strong>exemplo</strong></span> <span class='ocrx_word' id='word_1_78' title='bbox 1206 1432 1284 1494; x_wconf 89' lang='lat' dir='ltr'><strong>satis</strong></span> <span class='ocrx_word' id='word_1_79' title='bbox 1311 1420 1312 1423; x_wconf 22' lang='lat'>¹</span> 
     </span>
     <span class='ocr_line' id='line_1_13' title="bbox 110 1535 1284 1621; baseline 0.002 -23"><span class='ocrx_word' id='word_1_80' title='bbox 110 1540 255 1619; x_wconf 89' lang='lat' dir='ltr'><strong>apparet.</strong></span> <span class='ocrx_word' id='word_1_81' title='bbox 303 1535 334 1598; x_wconf 91' lang='lat' dir='ltr'><strong>ls</strong></span> <span class='ocrx_word' id='word_1_82' title='bbox 370 1537 520 1599; x_wconf 89' lang='lat' dir='ltr'><strong>diuturna</strong></span> <span class='ocrx_word' id='word_1_83' title='bbox 555 1536 697 1599; x_wconf 90' lang='lat' dir='ltr'><strong>codicum</strong></span> <span class='ocrx_word' id='word_1_84' title='bbox 733 1536 899 1600; x_wconf 90' lang='lat' dir='ltr'><strong>collatione</strong></span> <span class='ocrx_word' id='word_1_85' title='bbox 928 1537 1047 1600; x_wconf 87' lang='lat' dir='ltr'><strong>librum</strong></span> <span class='ocrx_word' id='word_1_86' title='bbox 1075 1538 1284 1621; x_wconf 87' lang='lat' dir='ltr'><strong>archetypum</strong></span> 
     </span>
     <span class='ocr_line' id='line_1_14' title="bbox 110 1643 1283 1728; baseline 0.001 -23"><span class='ocrx_word' id='word_1_87' title='bbox 110 1644 280 1706; x_wconf 84' lang='lat' dir='ltr'><strong>restituere</strong></span> <span class='ocrx_word' id='word_1_88' title='bbox 317 1647 446 1706; x_wconf 90' lang='lat' dir='ltr'><strong>conatus</strong></span> <span class='ocrx_word' id='word_1_89' title='bbox 477 1647 524 1705; x_wconf 92' lang='lat' dir='ltr'><strong>est</strong></span> <span class='ocrx_word' id='word_1_90' title='bbox 547 1643 581 1705; x_wconf 92' lang='lat' dir='ltr'><strong>in</strong></span> <span class='ocrx_word' id='word_1_91' title='bbox 605 1643 679 1706; x_wconf 92' lang='lat' dir='ltr'><strong>crisi</strong></span> <span class='ocrx_word' id='word_1_92' title='bbox 701 1643 870 1706; x_wconf 90' lang='lat' dir='ltr'><strong>horatiana</strong></span> <span class='ocrx_word' id='word_1_93' title='bbox 894 1645 1026 1727; x_wconf 89' lang='lat' dir='ltr'><strong>posthac</strong></span> <span class='ocrx_word' id='word_1_94' title='bbox 1049 1667 1148 1728; x_wconf 88' lang='lat' dir='ltr'><strong>prope</strong></span> <span class='ocrx_word' id='word_1_95' title='bbox 1172 1667 1283 1727; x_wconf 91' lang='lat' dir='ltr'><strong>super·</strong></span> 
     </span>
     <span class='ocr_line' id='line_1_15' title="bbox 110 1749 1284 1834; baseline 0.001 -21"><span class='ocrx_word' id='word_1_96' title='bbox 110 1772 252 1814; x_wconf 74' lang='lat' dir='ltr'><strong>vircanea</strong></span> <span class='ocrx_word' id='word_1_97' title='bbox 288 1750 421 1813; x_wconf 88' lang='lat' dir='ltr'><strong>eandem</strong></span> <span class='ocrx_word' id='word_1_98' title='bbox 455 1753 646 1832; x_wconf 89' lang='lat' dir='ltr'><strong>potestatem</strong></span> <span class='ocrx_word' id='word_1_99' title='bbox 680 1749 876 1824; x_wconf 78' lang='lat' dir='ltr'><strong>habiturum,</strong></span> <span class='ocrx_word' id='word_1_100' title='bbox 913 1774 1008 1834; x_wconf 88' lang='lat' dir='ltr'><strong>quam</strong></span> <span class='ocrx_word' id='word_1_101' title='bbox 1040 1751 1114 1814; x_wconf 89' lang='lat' dir='ltr'><strong>olim</strong></span> <span class='ocrx_word' id='word_1_102' title='bbox 1143 1751 1284 1814; x_wconf 84' lang='lat' dir='ltr'><strong>habuere</strong></span> 
     </span>
     <span class='ocr_line' id='line_1_16' title="bbox 109 1856 1283 1940; baseline 0.001 -21"><span class='ocrx_word' id='word_1_103' title='bbox 109 1858 249 1938; x_wconf 85' lang='lat' dir='ltr'><strong>tyranni,</strong></span> <span class='ocrx_word' id='word_1_104' title='bbox 279 1857 334 1919; x_wconf 91' lang='lat' dir='ltr'><strong>sed</strong></span> <span class='ocrx_word' id='word_1_105' title='bbox 363 1856 604 1920; x_wconf 86' lang='lat' dir='ltr'><strong>difficultatibus</strong></span> <span class='ocrx_word' id='word_1_106' title='bbox 632 1879 694 1919; x_wconf 92' lang='lat' dir='ltr'><strong>non</strong></span> <span class='ocrx_word' id='word_1_107' title='bbox 722 1857 879 1919; x_wconf 88' lang='lat' dir='ltr'><strong>solvendis</strong></span> <span class='ocrx_word' id='word_1_108' title='bbox 908 1857 1089 1940; x_wconf 90' lang='lat' dir='ltr'><strong>implicatus</strong></span> <span class='ocrx_word' id='word_1_109' title='bbox 1114 1861 1172 1921; x_wconf 91' lang='grc'>011.</span> <span class='ocrx_word' id='word_1_110' title='bbox 1219 1857 1283 1920; x_wconf 80' lang='lat' dir='ltr'><strong>Ar-</strong></span> 
     </span>
     <span class='ocr_line' id='line_1_17' title="bbox 111 1949 1283 2046; baseline 0.001 -19"><span class='ocrx_word' id='word_1_111' title='bbox 111 1965 267 2046; x_wconf 86' lang='lat' dir='ltr'><strong>chetypus</strong></span> <span class='ocrx_word' id='word_1_112' title='bbox 306 1963 360 2027; x_wconf 92' lang='lat' dir='ltr'><strong>ille</strong></span> <span class='ocrx_word' id='word_1_113' title='bbox 396 1965 492 2027; x_wconf 86' lang='lat' dir='ltr'><strong>codex</strong></span> <span class='ocrx_word' id='word_1_114' title='bbox 525 1963 623 2026; x_wconf 93' lang='lat' dir='ltr'><strong>talem</strong></span> <span class='ocrx_word' id='word_1_115' title='bbox 659 1949 921 2027; x_wconf 68' lang='lat' dir='ltr'><strong>adversariorum</strong></span> <span class='ocrx_word' id='word_1_116' title='bbox 953 1964 1123 2029; x_wconf 84' lang='lat' dir='ltr'><strong>factionem</strong></span> <span class='ocrx_word' id='word_1_117' title='bbox 1161 1964 1283 2028; x_wconf 89' lang='lat' dir='ltr'><strong>omnino</strong></span> 
     </span>
     <span class='ocr_line' id='line_1_18' title="bbox 110 2070 1283 2154; baseline 0.002 -22"><span class='ocrx_word' id='word_1_118' title='bbox 110 2071 315 2154; x_wconf 85' lang='lat' dir='ltr'><strong>frangentem</strong></span> <span class='ocrx_word' id='word_1_119' title='bbox 349 2074 381 2133; x_wconf 91' lang='lat' dir='ltr'><strong>et</strong></span> <span class='ocrx_word' id='word_1_120' title='bbox 416 2070 637 2134; x_wconf 90' lang='lat' dir='ltr'><strong>debilitantem</strong></span> <span class='ocrx_word' id='word_1_121' title='bbox 672 2070 895 2134; x_wconf 88' lang='lat' dir='ltr'><strong>auctoritatem</strong></span> <span class='ocrx_word' id='word_1_122' title='bbox 922 2072 1169 2149; x_wconf 81' lang='lat' dir='ltr'><strong>nancisceretur,</strong></span> <span class='ocrx_word' id='word_1_123' title='bbox 1198 2071 1225 2134; x_wconf 91' lang='lat' dir='ltr'><strong>si</strong></span> <span class='ocrx_word' id='word_1_124' title='bbox 1251 2072 1283 2153; x_wconf 86' lang='lat'><strong>1)</strong></span> 
     </span>
     <span class='ocr_line' id='line_1_19' title="bbox 110 2160 1284 2262; baseline 0.002 -23"><span class='ocrx_word' id='word_1_125' title='bbox 110 2160 210 2259; x_wconf 88' lang='lat' dir='ltr'><strong>usque</strong></span> <span class='ocrx_word' id='word_1_126' title='bbox 247 2179 286 2239; x_wconf 90' lang='lat' dir='ltr'><strong>ad</strong></span> <span class='ocrx_word' id='word_1_127' title='bbox 321 2176 491 2240; x_wconf 86' lang='lat' dir='ltr'><strong>Horatium</strong></span> <span class='ocrx_word' id='word_1_128' title='bbox 526 2177 631 2260; x_wconf 90' lang='lat' dir='ltr'><strong>ipsum</strong></span> <span class='ocrx_word' id='word_1_129' title='bbox 667 2178 852 2241; x_wconf 89' lang='lat' dir='ltr'><strong>ascenderet</strong></span> <span class='ocrx_word' id='word_1_130' title='bbox 876 2181 908 2240; x_wconf 93' lang='lat' dir='ltr'><strong>et</strong></span> <span class='ocrx_word' id='word_1_131' title='bbox 932 2178 966 2260; x_wconf 82' lang='grc'><strong>2)</strong></span> <span class='ocrx_word' id='word_1_132' title='bbox 990 2179 1125 2262; x_wconf 76' lang='lat' dir='ltr'><strong>singula</strong></span> <span class='ocrx_word' id='word_1_133' title='bbox 1149 2200 1284 2261; x_wconf 87' lang='lat' dir='ltr'><strong>quaeque</strong></span> 
     </span>
     <span class='ocr_line' id='line_1_20' title="bbox 112 2284 1284 2368; baseline 0 -21"><span class='ocrx_word' id='word_1_134' title='bbox 112 2285 179 2347; x_wconf 91' lang='lat' dir='ltr'><strong>eius</strong></span> <span class='ocrx_word' id='word_1_135' title='bbox 214 2284 365 2347; x_wconf 83' lang='lat' dir='ltr'><strong>lectiones</strong></span> <span class='ocrx_word' id='word_1_136' title='bbox 394 2288 479 2349; x_wconf 90' lang='lat' dir='ltr'><strong>certo</strong></span> <span class='ocrx_word' id='word_1_137' title='bbox 506 2284 695 2368; x_wconf 82' lang='lat' dir='ltr'><strong>investigari</strong></span> <span class='ocrx_word' id='word_1_138' title='bbox 718 2288 856 2367; x_wconf 87' lang='lat' dir='ltr'><strong>possent.</strong></span> <span class='ocrx_word' id='word_1_139' title='bbox 904 2284 1046 2359; x_wconf 75' lang='lat' dir='ltr'><strong>Quarum</strong></span> <span class='ocrx_word' id='word_1_140' title='bbox 1070 2286 1284 2349; x_wconf 91' lang='lat' dir='ltr'><strong>conditionum</strong></span> 
     </span>
     <span class='ocr_line' id='line_1_21' title="bbox 110 2391 1284 2487; baseline 0.002 -35"><span class='ocrx_word' id='word_1_141' title='bbox 110 2395 224 2453; x_wconf 89' lang='lat' dir='ltr'><strong>neutra</strong></span> <span class='ocrx_word' id='word_1_142' title='bbox 248 2392 373 2473; x_wconf 75' lang='lat' dir='ltr'><strong>expleta</strong></span> <span class='ocrx_word' id='word_1_143' title='bbox 397 2395 455 2454; x_wconf 93' lang='lat' dir='ltr'><strong>est.</strong></span> <span class='ocrx_word' id='word_1_144' title='bbox 502 2391 552 2454; x_wconf 87' lang='lat' dir='ltr'><strong>De</strong></span> <span class='ocrx_word' id='word_1_145' title='bbox 577 2396 720 2487; x_wconf 76' lang='lat' dir='ltr'><strong>tempore</strong></span> <span class='ocrx_word' id='word_1_146' title='bbox 738 2391 904 2473; x_wconf 77' lang='lat' dir='ltr'><strong>archetypi</strong></span> <span class='ocrx_word' id='word_1_147' title='bbox 920 2392 984 2453; x_wconf 93' lang='lat' dir='ltr'><strong>iam</strong></span> <span class='ocrx_word' id='word_1_148' title='bbox 1001 2391 1145 2454; x_wconf 86' lang='lat' dir='ltr'><strong>diximus.</strong></span> <span class='ocrx_word' id='word_1_149' title='bbox 1195 2391 1284 2466; x_wconf 77' lang='lat' dir='ltr'><strong>Quod</strong></span> 
     </span>
     <span class='ocr_line' id='line_1_22' title="bbox 112 2497 1331 2574; baseline 0 -14"><span class='ocrx_word' id='word_1_150' title='bbox 112 2499 152 2560; x_wconf 91' lang='lat' dir='ltr'><strong>ad</strong></span> <span class='ocrx_word' id='word_1_151' title='bbox 186 2498 337 2561; x_wconf 90' lang='lat' dir='ltr'><strong>lectiones</strong></span> <span class='ocrx_word' id='word_1_152' title='bbox 374 2498 499 2574; x_wconf 79' lang='lat' dir='ltr'><strong>attinet,</strong></span> <span class='ocrx_word' id='word_1_153' title='bbox 535 2497 646 2561; x_wconf 85' lang='lat' dir='ltr'><strong>Keller</strong></span> <span class='ocrx_word' id='word_1_154' title='bbox 681 2497 779 2560; x_wconf 92' lang='lat' dir='ltr'><strong>multo</strong></span> <span class='ocrx_word' id='word_1_155' title='bbox 805 2520 876 2561; x_wconf 90' lang='lat' dir='ltr'><strong>cum</strong></span> <span class='ocrx_word' id='word_1_156' title='bbox 904 2498 1016 2560; x_wconf 90' lang='lat' dir='ltr'><strong>sudore</strong></span> <span class='ocrx_word' id='word_1_157' title='bbox 1046 2498 1133 2561; x_wconf 92' lang='lat' dir='ltr'><strong>codd.</strong></span> <span class='ocrx_word' id='word_1_158' title='bbox 1159 2499 1192 2561; x_wconf 91' lang='lat' dir='ltr'><strong>in</strong></span> <span class='ocrx_word' id='word_1_159' title='bbox 1219 2501 1284 2561; x_wconf 92' lang='lat' dir='ltr'><strong>tres</strong></span> <span class='ocrx_word' id='word_1_160' title='bbox 1328 2515 1331 2529; x_wconf 82' lang='lat'>&#39;</span> 
     </span>
     <span class='ocr_line' id='line_1_23' title="bbox 111 2604 1283 2688; baseline -0.001 -21"><span class='ocrx_word' id='word_1_161' title='bbox 111 2605 228 2668; x_wconf 85' lang='lat' dir='ltr'><strong>classes</strong></span> <span class='ocrx_word' id='word_1_162' title='bbox 247 2604 270 2685; x_wconf 78' lang='lat'><strong>¹)</strong></span> <span class='ocrx_word' id='word_1_163' title='bbox 296 2605 437 2667; x_wconf 87' lang='lat' dir='ltr'><strong>dividere</strong></span> <span class='ocrx_word' id='word_1_164' title='bbox 462 2607 593 2668; x_wconf 89' lang='lat' dir='ltr'><strong>conatus</strong></span> <span class='ocrx_word' id='word_1_165' title='bbox 618 2607 675 2680; x_wconf 85' lang='lat' dir='ltr'><strong>est,</strong></span> <span class='ocrx_word' id='word_1_166' title='bbox 701 2626 772 2686; x_wconf 89' lang='lat' dir='ltr'><strong>quae</strong></span> <span class='ocrx_word' id='word_1_167' title='bbox 796 2604 949 2688; x_wconf 88' lang='lat' dir='ltr'><strong>suffragio</strong></span> <span class='ocrx_word' id='word_1_168' title='bbox 975 2605 1013 2667; x_wconf 94' lang='lat' dir='ltr'><strong>de</strong></span> <span class='ocrx_word' id='word_1_169' title='bbox 1029 2604 1157 2667; x_wconf 88' lang='lat' dir='ltr'><strong>fortuna</strong></span> <span class='ocrx_word' id='word_1_170' title='bbox 1173 2604 1283 2668; x_wconf 88' lang='lat' dir='ltr'><strong>lectio-</strong></span> 
     </span>
     <span class='ocr_line' id='line_1_24' title="bbox 109 2708 1285 2793; baseline 0.001 -21"><span class='ocrx_word' id='word_1_171' title='bbox 109 2733 186 2772; x_wconf 85' lang='lat' dir='ltr'><strong>num</strong></span> <span class='ocrx_word' id='word_1_172' title='bbox 211 2712 427 2774; x_wconf 84' lang='lat' dir='ltr'><strong>decernerent.</strong></span> <span class='ocrx_word' id='word_1_173' title='bbox 464 2708 581 2773; x_wconf 91' lang='lat' dir='ltr'><strong>Omnes</strong></span> <span class='ocrx_word' id='word_1_174' title='bbox 604 2711 724 2787; x_wconf 88' lang='lat' dir='ltr'><strong>vident,</strong></span> <span class='ocrx_word' id='word_1_175' title='bbox 742 2733 838 2793; x_wconf 91' lang='lat' dir='ltr'><strong>quam</strong></span> <span class='ocrx_word' id='word_1_176' title='bbox 854 2711 1067 2793; x_wconf 90' lang='lat' dir='ltr'><strong>periculosum</strong></span> <span class='ocrx_word' id='word_1_177' title='bbox 1084 2715 1116 2774; x_wconf 90' lang='lat' dir='ltr'><strong>et</strong></span> <span class='ocrx_word' id='word_1_178' title='bbox 1131 2711 1285 2773; x_wconf 91' lang='lat' dir='ltr'><strong>iniustum</strong></span> 
     </span>
     <span class='ocr_line' id='line_1_25' title="bbox 109 2816 1284 2901; baseline 0.002 -22"><span class='ocrx_word' id='word_1_179' title='bbox 109 2817 174 2879; x_wconf 91' lang='lat' dir='ltr'><strong>tale</strong></span> <span class='ocrx_word' id='word_1_180' title='bbox 198 2817 408 2900; x_wconf 87' lang='lat' dir='ltr'><strong>plurimorum</strong></span> <span class='ocrx_word' id='word_1_181' title='bbox 431 2817 601 2901; x_wconf 91' lang='lat' dir='ltr'><strong>imperium</strong></span> <span class='ocrx_word' id='word_1_182' title='bbox 624 2839 709 2900; x_wconf 84' lang='lat' dir='ltr'><strong>saepe</strong></span> <span class='ocrx_word' id='word_1_183' title='bbox 733 2817 784 2880; x_wconf 90' lang='lat' dir='ltr'><strong>sit.</strong></span> <span class='ocrx_word' id='word_1_184' title='bbox 832 2816 1013 2900; x_wconf 85' lang='lat' dir='ltr'><strong>Saepissime</strong></span> <span class='ocrx_word' id='word_1_185' title='bbox 1035 2821 1142 2880; x_wconf 89' lang='lat' dir='ltr'><strong>autem</strong></span> <span class='ocrx_word' id='word_1_186' title='bbox 1163 2841 1202 2880; x_wconf 97' lang='lat' dir='ltr'><strong>ne</strong></span> <span class='ocrx_word' id='word_1_187' title='bbox 1223 2817 1284 2881; x_wconf 91' lang='lat' dir='ltr'><strong>hac</strong></span> 
     </span>
     <span class='ocr_line' id='line_1_26' title="bbox 111 2923 1283 3006; baseline 0.001 -21"><span class='ocrx_word' id='word_1_188' title='bbox 111 2924 240 3005; x_wconf 87' lang='lat' dir='ltr'><strong>quidem</strong></span> <span class='ocrx_word' id='word_1_189' title='bbox 268 2924 320 2986; x_wconf 84' lang='lat' dir='ltr'><strong>via</strong></span> <span class='ocrx_word' id='word_1_190' title='bbox 344 2924 490 3005; x_wconf 76' lang='lat' dir='ltr'><strong>quamvis</strong></span> <span class='ocrx_word' id='word_1_191' title='bbox 514 2923 631 2986; x_wconf 89' lang='lat' dir='ltr'><strong>misera</strong></span> <span class='ocrx_word' id='word_1_192' title='bbox 655 2924 695 2986; x_wconf 88' lang='lat' dir='ltr'><strong>ad</strong></span> <span class='ocrx_word' id='word_1_193' title='bbox 718 2925 815 2986; x_wconf 89' lang='lat' dir='ltr'><strong>finem</strong></span> <span class='ocrx_word' id='word_1_194' title='bbox 840 2928 984 3006; x_wconf 88' lang='lat' dir='ltr'><strong>optatum</strong></span> <span class='ocrx_word' id='word_1_195' title='bbox 1007 2924 1174 3006; x_wconf 87' lang='lat' dir='ltr'><strong>pervenire</strong></span> <span class='ocrx_word' id='word_1_196' title='bbox 1197 2923 1283 2988; x_wconf 89' lang='lat' dir='ltr'><strong>licet.</strong></span> 
     </span>
     <span class='ocr_line' id='line_1_27' title="bbox 110 3018 1284 3114; baseline -0.001 -21"><span class='ocrx_word' id='word_1_197' title='bbox 110 3030 222 3093; x_wconf 86' lang='lat' dir='ltr'><strong>Keller</strong></span> <span class='ocrx_word' id='word_1_198' title='bbox 245 3032 278 3093; x_wconf 91' lang='lat' dir='ltr'><strong>in</strong></span> <span class='ocrx_word' id='word_1_199' title='bbox 303 3031 531 3114; x_wconf 89' lang='lat' dir='ltr'><strong>epilegomenis</strong></span> <span class='ocrx_word' id='word_1_200' title='bbox 547 3030 574 3112; x_wconf 76' lang='grc'><strong>2)</strong></span> <span class='ocrx_word' id='word_1_201' title='bbox 600 3031 662 3094; x_wconf 85' lang='grc'><strong>676</strong></span> <span class='ocrx_word' id='word_1_202' title='bbox 688 3018 734 3093; x_wconf 82' lang='grc'><strong>01.</strong></span> <span class='ocrx_word' id='word_1_203' title='bbox 760 3030 960 3113; x_wconf 76' lang='lat' dir='ltr'><strong>conquisivit,</strong></span> <span class='ocrx_word' id='word_1_204' title='bbox 985 3031 1041 3093; x_wconf 90' lang='lat' dir='ltr'><strong>ubi</strong></span> <span class='ocrx_word' id='word_1_205' title='bbox 1063 3031 1152 3094; x_wconf 89' lang='lat' dir='ltr'><strong>codd.</strong></span> <span class='ocrx_word' id='word_1_206' title='bbox 1170 3031 1203 3092; x_wconf 93' lang='lat' dir='ltr'><strong>in</strong></span> <span class='ocrx_word' id='word_1_207' title='bbox 1218 3034 1284 3093; x_wconf 91' lang='lat' dir='ltr'><strong>tres</strong></span> 
     </span>
     <span class='ocr_line' id='line_1_28' title="bbox 111 3136 1284 3220; baseline -0.002 -20"><span class='ocrx_word' id='word_1_208' title='bbox 111 3137 226 3200; x_wconf 83' lang='lat' dir='ltr'><strong>classes</strong></span> <span class='ocrx_word' id='word_1_209' title='bbox 251 3138 392 3200; x_wconf 84' lang='lat' dir='ltr'><strong>dividere</strong></span> <span class='ocrx_word' id='word_1_210' title='bbox 416 3137 501 3213; x_wconf 78' lang='lat' dir='ltr'><strong>licet,</strong></span> <span class='ocrx_word' id='word_1_211' title='bbox 527 3138 581 3200; x_wconf 91' lang='lat' dir='ltr'><strong>sed</strong></span> <span class='ocrx_word' id='word_1_212' title='bbox 605 3136 693 3199; x_wconf 90' lang='lat' dir='ltr'><strong>mille</strong></span> <span class='ocrx_word' id='word_1_213' title='bbox 714 3140 788 3199; x_wconf 90' lang='lat' dir='ltr'><strong>sunt</strong></span> <span class='ocrx_word' id='word_1_214' title='bbox 805 3136 957 3220; x_wconf 82' lang='lat' dir='ltr'><strong>exempla,</strong></span> <span class='ocrx_word' id='word_1_215' title='bbox 982 3137 1038 3199; x_wconf 91' lang='lat' dir='ltr'><strong>ubi</strong></span> <span class='ocrx_word' id='word_1_216' title='bbox 1054 3136 1118 3200; x_wconf 92' lang='lat' dir='ltr'><strong>tale</strong></span> <span class='ocrx_word' id='word_1_217' title='bbox 1136 3137 1284 3200; x_wconf 89' lang='lat' dir='ltr'><strong>classium</strong></span> 
     </span>
     <span class='ocr_line' id='line_1_29' title="bbox 111 3242 1283 3326; baseline -0.001 -21"><span class='ocrx_word' id='word_1_218' title='bbox 111 3244 281 3306; x_wconf 89' lang='lat' dir='ltr'><strong>discrimen</strong></span> <span class='ocrx_word' id='word_1_219' title='bbox 304 3267 366 3306; x_wconf 90' lang='lat' dir='ltr'><strong>non</strong></span> <span class='ocrx_word' id='word_1_220' title='bbox 390 3245 540 3307; x_wconf 88' lang='lat' dir='ltr'><strong>cernitur.</strong></span> <span class='ocrx_word' id='word_1_221' title='bbox 587 3242 698 3306; x_wconf 90' lang='lat' dir='ltr'><strong>Keller</strong></span> <span class='ocrx_word' id='word_1_222' title='bbox 721 3244 789 3326; x_wconf 90' lang='lat' dir='ltr'><strong>ipse</strong></span> <span class='ocrx_word' id='word_1_223' title='bbox 814 3243 999 3325; x_wconf 76' lang='grc'>0011001113)</span> <span class='ocrx_word' id='word_1_224' title='bbox 1023 3265 1063 3306; x_wconf 93' lang='lat' dir='ltr'><strong>ne</strong></span> <span class='ocrx_word' id='word_1_225' title='bbox 1083 3266 1182 3305; x_wconf 92' lang='lat' dir='ltr'><strong>unum</strong></span> <span class='ocrx_word' id='word_1_226' title='bbox 1212 3243 1283 3325; x_wconf 92' lang='lat' dir='ltr'><strong>qui-</strong></span> 
     </span>
     <span class='ocr_line' id='line_1_30' title="bbox 111 3349 1283 3433; baseline -0.001 -21"><span class='ocrx_word' id='word_1_227' title='bbox 111 3352 183 3412; x_wconf 91' lang='lat' dir='ltr'><strong>dem</strong></span> <span class='ocrx_word' id='word_1_228' title='bbox 212 3351 351 3413; x_wconf 89' lang='lat' dir='ltr'><strong>codicem</strong></span> <span class='ocrx_word' id='word_1_229' title='bbox 375 3351 415 3412; x_wconf 91' lang='lat' dir='ltr'><strong>ad</strong></span> <span class='ocrx_word' id='word_1_230' title='bbox 440 3355 560 3413; x_wconf 88' lang='lat' dir='ltr'><strong>certam</strong></span> <span class='ocrx_word' id='word_1_231' title='bbox 583 3350 716 3414; x_wconf 90' lang='lat' dir='ltr'><strong>classem</strong></span> <span class='ocrx_word' id='word_1_232' title='bbox 740 3372 866 3433; x_wconf 91' lang='lat' dir='ltr'><strong>semper</strong></span> <span class='ocrx_word' id='word_1_233' title='bbox 889 3349 1061 3433; x_wconf 80' lang='lat' dir='ltr'><strong>pertinere,</strong></span> <span class='ocrx_word' id='word_1_234' title='bbox 1092 3372 1197 3413; x_wconf 89' lang='lat' dir='ltr'><strong>onmes</strong></span> <span class='ocrx_word' id='word_1_235' title='bbox 1226 3373 1283 3411; x_wconf 90' lang='lat' dir='ltr'><strong>au-</strong></span> 
     </span>
     <span class='ocr_line' id='line_1_31' title="bbox 110 3456 1283 3531; baseline 0.001 -12"><span class='ocrx_word' id='word_1_236' title='bbox 110 3462 175 3520; x_wconf 92' lang='lat' dir='ltr'><strong>tem</strong></span> <span class='ocrx_word' id='word_1_237' title='bbox 199 3479 282 3521; x_wconf 88' lang='lat' dir='ltr'><strong>nunc</strong></span> <span class='ocrx_word' id='word_1_238' title='bbox 306 3457 368 3520; x_wconf 92' lang='lat' dir='ltr'><strong>huc</strong></span> <span class='ocrx_word' id='word_1_239' title='bbox 391 3479 475 3520; x_wconf 89' lang='lat' dir='ltr'><strong>nunc</strong></span> <span class='ocrx_word' id='word_1_240' title='bbox 499 3457 575 3520; x_wconf 88' lang='lat' dir='ltr'><strong>illuc</strong></span> <span class='ocrx_word' id='word_1_241' title='bbox 597 3457 682 3520; x_wconf 90' lang='lat' dir='ltr'><strong>inter</strong></span> <span class='ocrx_word' id='word_1_242' title='bbox 706 3457 847 3520; x_wconf 86' lang='lat' dir='ltr'><strong>diversas</strong></span> <span class='ocrx_word' id='word_1_243' title='bbox 864 3456 980 3520; x_wconf 88' lang='lat' dir='ltr'><strong>classes</strong></span> <span class='ocrx_word' id='word_1_244' title='bbox 997 3456 1158 3520; x_wconf 88' lang='lat' dir='ltr'><strong>vacillare.</strong></span> <span class='ocrx_word' id='word_1_245' title='bbox 1206 3456 1283 3531; x_wconf 75' lang='lat' dir='ltr'><strong>aaa</strong></span> 
     </span>
     <span class='ocr_line' id='line_1_32' title="bbox 111 3561 1284 3646; baseline 0 -21"><span class='ocrx_word' id='word_1_246' title='bbox 111 3587 209 3646; x_wconf 67' lang='lat' dir='ltr'><strong>quim]</strong></span> <span class='ocrx_word' id='word_1_247' title='bbox 244 3564 290 3626; x_wconf 92' lang='lat' dir='ltr'><strong>ita</strong></span> <span class='ocrx_word' id='word_1_248' title='bbox 325 3564 398 3640; x_wconf 89' lang='lat' dir='ltr'><strong>sint,</strong></span> <span class='ocrx_word' id='word_1_249' title='bbox 436 3586 582 3646; x_wconf 74' lang='lat' dir='ltr'><strong>(paenam</strong></span> <span class='ocrx_word' id='word_1_250' title='bbox 609 3563 646 3626; x_wconf 92' lang='lat' dir='ltr'><strong>fit</strong></span> <span class='ocrx_word' id='word_1_251' title='bbox 671 3564 790 3627; x_wconf 89' lang='lat' dir='ltr'><strong>criticae</strong></span> <span class='ocrx_word' id='word_1_252' title='bbox 816 3563 883 3626; x_wconf 92' lang='lat' dir='ltr'><strong>eius</strong></span> <span class='ocrx_word' id='word_1_253' title='bbox 907 3561 1040 3626; x_wconf 92' lang='lat' dir='ltr'><strong>rationis</strong></span> <span class='ocrx_word' id='word_1_254' title='bbox 1064 3583 1197 3639; x_wconf 85' lang='lat' dir='ltr'><strong>summa,</strong></span> <span class='ocrx_word' id='word_1_255' title='bbox 1221 3563 1284 3626; x_wconf 91' lang='lat' dir='ltr'><strong>nisi</strong></span> 
     </span>
    </p>
   </div>
   <div class='ocr_carea' id='block_1_3' title="bbox 108 3669 1284 3753">
    <p class='ocr_par' dir='ltr' id='par_1_5' title="bbox 108 3669 1284 3753">
     <span class='ocr_line' id='line_1_33' title="bbox 108 3669 1284 3753; baseline -0.002 -20"><span class='ocrx_word' id='word_1_256' title='bbox 108 3671 243 3753; x_wconf 82' lang='lat' dir='ltr'><strong>simplex</strong></span> <span class='ocrx_word' id='word_1_257' title='bbox 266 3671 332 3742; x_wconf 82' lang='lat' dir='ltr'><strong>illa,</strong></span> <span class='ocrx_word' id='word_1_258' title='bbox 362 3676 397 3733; x_wconf 92' lang='lat' dir='ltr'><strong>ut</strong></span> <span class='ocrx_word' id='word_1_259' title='bbox 421 3670 457 3732; x_wconf 90' lang='lat' dir='ltr'><strong>L.</strong></span> <span class='ocrx_word' id='word_1_260' title='bbox 487 3670 623 3733; x_wconf 84' lang='lat' dir='ltr'><strong>Mueller</strong></span> <span class='ocrx_word' id='word_1_261' title='bbox 647 3671 745 3733; x_wconf 90' lang='lat' dir='ltr'><strong>etiam</strong></span> <span class='ocrx_word' id='word_1_262' title='bbox 769 3670 847 3733; x_wconf 83' lang='lat' dir='ltr'><strong>dixit</strong></span> <span class='ocrx_word' id='word_1_263' title='bbox 861 3669 904 3752; x_wconf 80' lang='lat'><strong>4):</strong></span> <span class='ocrx_word' id='word_1_264' title='bbox 940 3670 996 3733; x_wconf 89' lang='lat' dir='ltr'><strong>ubi</strong></span> <span class='ocrx_word' id='word_1_265' title='bbox 1021 3669 1153 3733; x_wconf 74' lang='lat' dir='ltr'><strong>diversae</strong></span> <span class='ocrx_word' id='word_1_266' title='bbox 1179 3673 1284 3733; x_wconf 83' lang='lat' dir='ltr'><strong>extent</strong></span> 
     </span>
    </p>
   </div>
   <div class='ocr_carea' id='block_1_4' title="bbox 185 3846 949 4180">
    <p class='ocr_par' dir='ltr' id='par_1_6' title="bbox 185 3846 949 4001">
     <span class='ocr_line' id='line_1_34' title="bbox 186 3846 949 3908; baseline -0.001 -9"><span class='ocrx_word' id='word_1_267' title='bbox 186 3846 202 3906; x_wconf 87' lang='lat'><strong>¹)</strong></span> <span class='ocrx_word' id='word_1_268' title='bbox 223 3855 305 3900; x_wconf 75' lang='lat' dir='ltr'><strong>Semel</strong></span> <span class='ocrx_word' id='word_1_269' title='bbox 325 3855 388 3899; x_wconf 85' lang='lat' dir='ltr'><strong>duas</strong></span> <span class='ocrx_word' id='word_1_270' title='bbox 408 3855 501 3899; x_wconf 87' lang='lat' dir='ltr'><strong>habere</strong></span> <span class='ocrx_word' id='word_1_271' title='bbox 521 3854 610 3908; x_wconf 81' lang='lat' dir='ltr'><strong>voluit,</strong></span> <span class='ocrx_word' id='word_1_272' title='bbox 631 3854 665 3899; x_wconf 82' lang='lat' dir='ltr'><strong>M.</strong></span> <span class='ocrx_word' id='word_1_273' title='bbox 685 3853 731 3899; x_wconf 87' lang='lat' dir='ltr'><strong>Rh.</strong></span> <span class='ocrx_word' id='word_1_274' title='bbox 752 3853 868 3908; x_wconf 82' lang='lat' dir='ltr'><strong>XXXIII,</strong></span> <span class='ocrx_word' id='word_1_275' title='bbox 891 3854 949 3899; x_wconf 83' lang='lat'><strong>127.</strong></span> 
     </span>
     <span class='ocr_line' id='line_1_35' title="bbox 185 3934 416 4001; baseline -0.009 -12"><span class='ocrx_word' id='word_1_276' title='bbox 185 3934 203 3996; x_wconf 64' lang='lat'><strong>²)</strong></span> <span class='ocrx_word' id='word_1_277' title='bbox 223 3945 269 3989; x_wconf 86' lang='lat' dir='ltr'><strong>HI:</strong></span> <span class='ocrx_word' id='word_1_278' title='bbox 292 3946 340 3989; x_wconf 84' lang='lat'><strong>813</strong></span> <span class='ocrx_word' id='word_1_279' title='bbox 362 3958 416 4001; x_wconf 73' lang='lat' dir='ltr'><strong>sql.</strong></span> 
     </span>
    </p>

    <p class='ocr_par' dir='ltr' id='par_1_7' title="bbox 185 4023 453 4087">
     <span class='ocr_line' id='line_1_36' title="bbox 185 4023 453 4087; baseline -0.004 -9"><span class='ocrx_word' id='word_1_280' title='bbox 185 4023 203 4085; x_wconf 71' lang='lat'><strong>³)</strong></span> <span class='ocrx_word' id='word_1_281' title='bbox 224 4033 283 4078; x_wconf 83' lang='lat' dir='ltr'><strong>ibin.</strong></span> <span class='ocrx_word' id='word_1_282' title='bbox 306 4035 364 4087; x_wconf 75' lang='lat'><strong>792,</strong></span> <span class='ocrx_word' id='word_1_283' title='bbox 385 4033 453 4077; x_wconf 86' lang='lat' dir='ltr'><strong>alibi.</strong></span> 
     </span>
    </p>

    <p class='ocr_par' dir='ltr' id='par_1_8' title="bbox 185 4113 765 4180">
     <span class='ocr_line' id='line_1_37' title="bbox 185 4113 765 4180; baseline 0 -14"><span class='ocrx_word' id='word_1_284' title='bbox 185 4113 203 4175; x_wconf 73' lang='lat'><strong>⁴)</strong></span> <span class='ocrx_word' id='word_1_285' title='bbox 223 4123 253 4167; x_wconf 93' lang='lat' dir='ltr'><strong>In</strong></span> <span class='ocrx_word' id='word_1_286' title='bbox 272 4122 311 4168; x_wconf 90' lang='lat' dir='ltr'><strong>ed.</strong></span> <span class='ocrx_word' id='word_1_287' title='bbox 332 4123 389 4166; x_wconf 85' lang='lat' dir='ltr'><strong>anni</strong></span> <span class='ocrx_word' id='word_1_288' title='bbox 411 4123 504 4176; x_wconf 81' lang='lat' dir='ltr'><strong>1879:i‚</strong></span> <span class='ocrx_word' id='word_1_289' title='bbox 525 4123 596 4180; x_wconf 71' lang='lat' dir='ltr'><strong>praef.</strong></span> <span class='ocrx_word' id='word_1_290' title='bbox 616 4136 674 4180; x_wconf 82' lang='lat' dir='ltr'><strong>pag.</strong></span> <span class='ocrx_word' id='word_1_291' title='bbox 694 4121 765 4167; x_wconf 90' lang='lat' dir='ltr'><strong>VIII.</strong></span> 
     </span>
    </p>
   </div>
   <div class='ocr_carea' id='block_1_5' title="bbox 0 0 1406 4582">
    <p class='ocr_par' dir='ltr' id='par_1_9' title="bbox 0 0 1406 4582">
     <span class='ocr_line' id='line_1_38' title="bbox 0 0 1406 4582; baseline 0 0"><span class='ocrx_word' id='word_1_292' title='bbox 0 0 1406 4582; x_wconf 95' lang='lat' dir='ltr'><strong> </strong></span> 
     </span>
    </p>
   </div>
  </div>
 </body>
</html>
