2766 4590
656 193 830 255 ‚70-

151 374 273 447 tuntur,
298 393 370 455 quae
392 372 420 434 si
444 372 515 454 quis
539 370 680 436 refutare
704 373 811 439 vellet.
836 374 903 436 dies
926 373 978 437 rel
1000 374 1188 459 longissima
1213 376 1334 440 defice-

151 482 211 554 ret,
246 501 349 562 neque
384 479 559 562 quidquam
593 480 772 562 proficeret,
796 503 871 543 narn
895 481 1049 545 eiusmodi
1072 487 1156 558 sunt,
1180 487 1217 545 ut
1244 483 1336 546 futu-

152 607 207 648 rus
229 585 465 670 hypercriticus
490 586 553 649 alia
577 609 668 669 aeque
691 587 792 650 multa
816 610 962 670 promere
988 589 1099 672 possit.
1152 588 1330 667 ,Sentias,“

153 692 259 776 inquit
282 693 388 776 aliquo
411 694 479 758 loeo
502 695 536 757 in
559 717 632 758 ann.
657 695 779 759 adhoc
804 718 932 759 carmen
947 695 1081 772 Peerlc.,
1100 698 1335 781 ,magisquam

154 805 264 883 aperte
300 801 398 877 dicas,
423 824 479 865 cur
513 823 575 865 non
598 802 641 865 sit
663 792 807 865 Horati.“
858 801 972 885 Neque
995 807 1104 866 tamen
1128 804 1254 880 desunt,
1280 804 1336 887 qui

154 908 232 971 adeo
256 908 321 970 sint
343 908 498 991 plumbei,
523 913 559 972 ut
582 910 615 972 id
638 911 756 973 sentire
780 932 843 973 non
866 910 997 992 possint.

420 1032 470 1097 De
494 1034 642 1117 gustibus
666 1057 728 1097 non
753 1037 800 1097 est
824 1034 1061 1116 disputandum.

262 1156 325 1221 Str.
362 1160 381 1221 6
418 1158 516 1221 etiam
550 1157 731 1221 Meinekius
766 1158 958 1241 repudiavit,
988 1159 1072 1242 quod
1097 1159 1227 1222 crudele
1252 1164 1339 1223 esset

155 1265 304 1329 uxoribus
339 1266 510 1348 puerisque
545 1265 766 1329 innocentibus
800 1264 921 1327 malum
949 1265 1130 1348 imprecari.
1178 1266 1336 1330 Horatius

155 1377 263 1436 tamen
298 1395 406 1436 vocem
441 1393 553 1435 risores
587 1376 756 1455 propterea
780 1372 936 1448 adhibuit,
961 1373 1045 1456 quod
1069 1395 1197 1436 carmen
1223 1374 1263 1436 ad
1287 1374 1336 1437 fe-

155 1479 275 1543 minam
310 1479 441 1542 missum
476 1482 534 1556 est,
570 1483 601 1542 et
635 1501 746 1542 uxores
779 1479 935 1561 puerique
970 1502 1033 1542 una
1062 1480 1266 1544 nominantur
1302 1486 1338 1544 ut

157 1608 242 1669 saepe
266 1586 350 1669 apud
375 1608 495 1670 graecos
519 1594 659 1663 γυναῖκες
682 1587 736 1646 καὶ
760 1584 877 1656 παῖδες.

265 1691 491 1757 Calamitosum
515 1693 615 1757 cuivis
639 1681 777 1776 strophae
802 1696 850 1756 est
874 1697 906 1756 et
917 1693 1140 1776 perniciosum,
1159 1694 1187 1756 si
1204 1694 1339 1778 reliquis

157 1822 219 1862 non
243 1801 334 1883 quasi
357 1805 568 1864 stramentum
590 1800 755 1883 implicata
779 1805 836 1876 est,
861 1801 917 1863 sed
940 1800 1007 1863 sine
1037 1804 1215 1864 ceterorum
1243 1801 1339 1864 ruina

159 1906 302 1970 abscindi
325 1912 440 1990 potest.
487 1907 642 1990 Separata
667 1907 751 1970 enim
775 1907 815 1970 ad
839 1929 872 1970 se
898 1907 1133 1970 defendendum
1155 1907 1263 1970 minus
1280 1932 1338 1971 va-

157 2012 212 2076 let.
259 2012 305 2078 Ut
339 2012 525 2078 Schuetaius
560 2018 617 2077 str.
644 2015 684 2076 14
709 2013 803 2091 delet,
833 2015 934 2096 ,quod
957 2014 1026 2077 sine
1051 2013 1241 2078 difficultate
1267 2037 1339 2078 eam

159 2120 265 2182 delere
289 2119 416 2197 liceat“,
443 2125 474 2183 et
497 2125 552 2183 str.
580 2121 619 2183 12
646 2121 742 2187 etiam
770 2121 921 2191 abiceret,
946 2121 973 2183 si
999 2124 1131 2203 propter
1154 2145 1204 2184 vv.
1232 2122 1271 2184 71
1307 2125 1345 2185 et

160 2226 201 2289 72
237 2228 308 2290 fieri
342 2231 458 2310 posset.
505 2227 593 2311 Ergo
628 2230 682 2290 str.
714 2228 753 2290 12
778 2228 871 2291 venia
894 2229 970 2290 data
993 2231 1110 2304 manet,
1135 2231 1191 2291 str.
1218 2229 1337 2292 1411-

159 2337 313 2412 movetur,
339 2357 533 2418 quamquam
556 2335 625 2397 haec
649 2356 706 2417 per
730 2356 763 2397 se
787 2357 849 2397 non
872 2333 960 2417 peior
984 2337 1032 2397 est
1056 2357 1152 2417 quam
1175 2334 1242 2398 illa.

272 2442 364 2521 ,Sine
388 2441 516 2518 dubio“,
541 2441 646 2524 inquit
676 2440 838 2524 Gruppius
857 2441 892 2523 ¹),
922 2441 1185 2524 ,reprehensione
1204 2441 1339 2526 dignum

161 2555 218 2625 est,
255 2550 282 2613 si
310 2549 381 2632 quis
405 2549 554 2612 remediis
578 2548 767 2612 restituendi
791 2547 940 2611 carminis
965 2547 1079 2611 oblatis
1103 2570 1166 2611 non
1189 2571 1265 2611 usus
1291 2571 1342 2626 eu,

161 2679 231 2741 quae
267 2679 381 2740 parum
415 2655 553 2738 placent,
583 2655 699 2718 delet“.
747 2653 836 2729 Quod
869 2676 966 2736 quum
995 2654 1197 2718 verissimum
1222 2656 1273 2731 sit,
1298 2678 1341 2718 ne

161 2764 342 2828 dubitemus
377 2763 409 2824 in
445 2786 474 2825 v.
511 2763 550 2825 41
588 2761 747 2825 Sanadoni
782 2761 861 2825 coni.
891 2783 985 2845 quonia
1008 2783 1064 2844 pro
1089 2782 1157 2845 quoe
1181 2761 1338 2845 recipere.

161 2870 260 2935 Miror
283 2874 402 2954 praeter
436 2868 473 2933 L.
498 2868 688 2932 Muellerum
705 2869 731 2951 2)
755 2868 914 2932 neminem
939 2867 1101 2944 editorem,
1126 2869 1182 2950 qui
1206 2869 1341 2951 quidem

160 2978 296 3063 insignis
320 2977 375 3051 sit,
398 2998 468 3038 eam
491 2976 636 3059 probare.
684 2975 820 3039 Mutatio
844 2997 945 3058 parva
971 2978 1028 3050 est,
1060 2996 1157 3056 quum
1181 2975 1241 3039 hoc
1265 2998 1338 3039 ver-

161 3085 237 3147 bum
260 3085 293 3147 in
318 3083 406 3147 codd.
431 3105 489 3166 per
513 3088 621 3146 notam
644 3083 831 3166 plerumque
854 3081 1010 3164 scripturn
1033 3081 1084 3157 sit,
1119 3086 1151 3145 et
1175 3083 1337 3146 sententia

161 3192 266 3256 minus
289 3191 326 3253 fit
348 3190 512 3274 languida.
560 3190 709 3252 Procedo.
732 3211 849 3265 vocem,
874 3212 903 3251 v.
919 3189 971 3264 62,
993 3187 1026 3250 in
1042 3211 1106 3270 qua
1121 3188 1348 3274 intellegenda.

161 3299 351 3379 interpretes
387 3297 471 3361 curis
506 3319 597 3380 paene
626 3300 808 3371 senuerunt,
844 3294 1009 3377 Lysander
1043 3295 1089 3358 ita
1114 3297 1281 3374 convertit,
1307 3301 1342 3360 ut

162 3405 323 3487 significet
346 3404 540 3466 deiectionem
575 3401 827 3485 (nedlrastning),
858 3424 929 3483 quae
952 3401 1000 3465 vis
1024 3401 1158 3465 mirifice
1182 3403 1263 3466 mihi
1288 3427 1343 3466 ar·

163 3511 254 3574 ridet.
301 3509 501 3574 l'rooellendi
524 3510 657 3572 verbum
681 3508 838 3572 deiciendi
861 3507 926 3571 vim
949 3508 1058 3585 habet,
1082 3511 1118 3570 ut
1133 3507 1239 3572 Plaut.
1270 3509 1342 3574 Mil.

163 3618 209 3702 gl.
246 3618 276 3693 3,
315 3619 344 3692 1,
379 3617 456 3680 167:
488 3617 666 3699 procellunt
699 3636 730 3678 se
758 3621 785 3678 et
803 3622 1010 3698 prosternunt
1033 3616 1203 3678 dimidiati.
1251 3616 1342 3692 Quod

164 3747 262 3809 quum
286 3723 331 3786 ita
354 3723 405 3800 sit,
430 3723 512 3786 nihil
535 3722 689 3805 impedire
713 3721 849 3799 videtur,
879 3722 1045 3804 quominus
1070 3722 1223 3786 Horatius
1247 3728 1343 3807 poeta

164 3833 396 3913 verborumque
425 3832 590 3908 ,novator⁴‘
618 3829 854 3893 substantivum
877 3829 989 3893 eadem
1012 3829 1044 3892 vi
1067 3852 1223 3913 usurpare
1248 3835 1344 3912 potu·

276 4057 293 4119 ¹)
312 4068 386 4112 nono.
407 4066 466 4111 424.

275 4146 293 4208 ⁰)
314 4155 342 4199 ln
362 4155 400 4201 ed.
421 4155 547 4213 germanis
567 4168 622 4200 unu.
642 4155 776 4203 instructa.
