2766 4590
611 186 784 249 ..27-

222 361 331 446 Itaque
354 338 386 427 'si
410 386 538 429 carmen
571 385 635 427 non
657 368 827 447 propterea
850 364 994 448 spurium
1016 365 1200 429 habendum
1224 368 1282 444 est,

144 471 202 553 quod
230 469 460 555 mythologicas
493 470 749 534 narratiunculas
784 470 935 548 continet,
971 494 1043 556 quae
1072 493 1122 536 res
1151 471 1197 536 eis
1220 494 1283 536 non

141 578 196 640 sotis
225 574 436 642 commendari
458 581 573 661 potest,
603 577 668 660 qui,
692 577 951 662 quotiescumque
975 578 1118 641 fabulam
1141 578 1283 662 aliquam

140 685 244 748 carmini
279 684 433 749 insertam
456 684 575 761 vident,
601 687 820 767 corruptorum
844 685 1077 769 impudentiam
1101 685 1280 762 odorantur,

136 795 220 868 restat,
244 794 279 854 ut
303 791 476 867 videamus,
501 813 565 874 qua
588 790 710 854 ratione
733 790 828 854 huius
852 791 1002 855 carminis
1022 791 1141 856 fabulae
1158 793 1198 855 ad
1214 791 1280 876 Ly·

135 898 178 961 den
206 898 397 982 pertineant.
443 897 596 961 Horatius
620 896 816 961 Mercurium
839 897 1005 981 lyramque
1028 898 1155 962 invocat
1174 903 1207 963 et
1221 921 1280 983 pe·

132 1005 168 1083 tit,
195 1010 229 1069 ut
251 1028 381 1070 carmen
409 1005 574 1089 incipiant,
599 1005 682 1087 quod
705 1003 817 1087 Lyden
842 1005 1033 1069 obstinatam
1056 1026 1182 1069 movere
1205 1027 1280 1090 pos·

130 1113 167 1177 sit.
205 1112 302 1176 Multi
337 1113 445 1176 dicunt
474 1111 647 1175 absurdum
670 1111 813 1175 futurum
835 1111 934 1175 fuisse
957 1111 1140 1175 narratione
1164 1112 1280 1176 amoris

131 1222 180 1283 tam
209 1220 320 1284 miseri
359 1219 500 1283 animum
534 1217 639 1301 Lydes
673 1218 835 1302 mitigare.
882 1217 968 1282 Ante
1004 1218 1108 1281 omnia
1142 1219 1305 1282 mentio·

128 1348 182 1390 nen
209 1327 472 1411 Hypermnestrae
496 1324 609 1409 Lyden
632 1325 673 1388 ab
698 1347 803 1389 amore
827 1324 1054 1389 deterrituram
1075 1325 1185 1402 fuisse,
1221 1326 1278 1408 qui

128 1435 226 1497 amanti
248 1456 312 1498 non
335 1434 449 1498 amoris
472 1432 641 1516 praemium
656 1432 711 1495 sed
728 1432 850 1496 dolores
866 1436 898 1495 et
914 1432 1073 1496 cruciatus
1093 1432 1224 1496 afferret
1241 1432 1277 1514 ¹).

126 1538 179 1605 Hoc
199 1545 307 1604 tamen
330 1539 502 1624 speciosius
526 1561 623 1623 quam
645 1539 751 1602 verius
776 1538 895 1603 dictum
920 1543 978 1602 est.
1017 1536 1087 1603 Iam
1103 1538 1278 1603 Lambinus

125 1646 294 1730 simpliciter
329 1650 361 1710 et
394 1647 516 1710 sincere
548 1645 780 1709 sententiarum
819 1645 1086 1711 continuationem
1122 1647 1275 1729 exposuit.

123 1751 257 1817 Horatius
281 1752 393 1836 Lyden
417 1753 578 1816 deterrere
602 1749 680 1829 vult,
704 1774 744 1816 ne
769 1775 882 1835 aspera
905 1752 939 1815 111
952 1755 1108 1815 amatores
1125 1753 1177 1830 sit,
1192 1775 1276 1817 com-

122 1860 305 1924 memorando
329 1859 491 1924 Danaides
514 1859 548 1921 in
571 1858 682 1922 inieris
706 1880 817 1942 poenas
842 1859 976 1936 dedisse,
989 1857 1278 1942 Hypermnestram

120 1970 221 2045 autem,
257 1967 341 2050 quod
374 1965 506 2030 honeste
540 1988 574 2029 se
608 1965 769 2050 gessisset,
804 1965 1016 2029 immortalem
1049 1965 1185 2050 gloriam
1208 1989 1276 2031 esse

121 2077 307 2138 consecutam
331 2075 380 2154 (iu
404 2095 491 2141 omae
513 2075 599 2156 oirpo
623 2072 735 2135 nobilis
760 2073 883 2153 oeoucn).

209 2180 372 2246 Praeterea
394 2179 480 2243 haud
504 2183 691 2244 cunctanter
715 2179 760 2242 eis
784 2179 958 2258 subscribo,
975 2201 1047 2262 quae
1064 2179 1142 2243 dixit
1158 2179 1275 2246 Ritter.

122 2283 350 2370 ,Primarium“,
374 2287 488 2370 inquit,
518 2289 759 2369 ,argumentum
784 2286 933 2350 carminis
956 2292 1013 2363 est,
1031 2288 1114 2370 quod
1130 2288 1275 2352 versibus

118 2394 232 2459 22-25
268 2397 426 2458 narratur.
474 2393 551 2469 Quae
587 2394 789 2470 antecedunt,
823 2393 886 2456 huc
921 2397 1077 2477 spectant,
1113 2397 1149 2456 ut
1176 2417 1228 2458 res
1256 2420 1275 2460 a
1366 2378 1370 2389 ¹

116 2497 206 2565 Danai
239 2501 368 2565 filiabus
403 2505 539 2584 patratae
567 2500 707 2584 lepidam
731 2501 769 2564 ob
794 2522 923 2564 oausam
945 2500 1048 2564 facete
1072 2501 1273 2567 tradantur“.

115 2605 212 2690 Lyden
245 2607 299 2672 hic
333 2609 488 2672 secundas
522 2611 630 2691 partes
659 2628 765 2692 agere,
790 2607 864 2671 inde
888 2607 987 2671 etiam
1009 2612 1154 2691 apparet,
1179 2610 1272 2691 quod,

78 2710 86 2715 ”
114 2735 198 2796 quum
231 2716 282 2779 bis
318 2715 385 2779 eius
408 2715 526 2778 mentio
550 2714 617 2790 fiat,
652 2713 805 2777 Horatius
830 2737 899 2778 eam
922 2715 1013 2778 modo
1038 2720 1272 2796 commemorat,

113 2840 162 2886 non
184 2823 367 2906 alloquitur.
415 2822 492 2898 Quae
518 2821 631 2885 deinde
655 2820 762 2885 Ritter
782 2821 924 2904 loquitur
943 2821 1114 2885 Horatium
1125 2822 1273 2906 ignaram

111 2927 226 3010 plebem
260 2951 425 2993 romanam
460 2928 643 2992 Danaidum
676 2928 843 2991 historiam
878 2929 990 2992 docere
1018 2928 1164 3007 voluisse,
1189 2931 1273 3012 quod
1358 2934 1361 2939 ’

67 3006 71 3121 i
110 3038 211 3101 statuae
240 3059 351 3101 earum
383 3037 416 3100 in
444 3035 619 3119 porticibus
642 3035 794 3119 palatinae
817 3034 976 3118 Apollinis
1000 3036 1077 3099 aedis
1101 3058 1181 3099 anno
1208 3037 1271 3100 726

67 3130 69 3141 '
110 3140 252 3208 dedicatae
289 3147 404 3220 essent,
440 3143 546 3227 lepide
580 3143 650 3207 haec
678 3143 808 3226 quidem
831 3142 983 3219 coniecta,
1008 3142 1175 3207 credibilia
1197 3166 1271 3208 vero

71 3304 78 3314 .
107 3267 160 3312 non
192 3255 277 3316 sunt.
324 3248 362 3314 In
396 3250 455 3313 tali
483 3250 623 3314 carmine
647 3250 803 3313 didactico
828 3249 995 3313 obstinatae
1019 3249 1118 3332 Lydae
1141 3273 1271 3333 prorsus

106 3355 202 3421 nullus
225 3361 309 3422 esset
332 3358 428 3421 locus.
475 3356 559 3421 Vero
584 3356 782 3420 simillimum
806 3360 854 3419 est
876 3355 1047 3419 Horatium
1070 3356 1159 3420 nulla
1175 3379 1271 3422 causa

106 3464 291 3528 extrinsecus
314 3464 476 3528 incidente
500 3486 629 3527 carmen
651 3464 827 3549 scripsisse,
851 3463 908 3526 sed
931 3463 1061 3547 cupiens
1077 3463 1269 3528 Alexandri·

103 3587 207 3633 norum
229 3571 321 3634 modo
346 3593 473 3635 carmen
496 3570 677 3634 fabulosum
699 3592 852 3655 pangere.

203 3676 293 3753 Quod
316 3677 344 3741 si
366 3700 470 3760 neque
493 3678 528 3741 in
550 3678 647 3742 totius
672 3678 821 3742 carminis
838 3681 1035 3761 argumenta,
1052 3680 1088 3741 ut
1105 3678 1269 3742 ostendere

101 3787 226 3847 conatus
260 3807 340 3861 sum,
375 3807 480 3867 neque
507 3785 541 3847 in
564 3785 705 3867 partium
728 3785 952 3868 compositione
976 3784 1059 3847 inest
1082 3807 1187 3862 causa,
1212 3807 1269 3848 cur

98 3888 238 3972 spurium
261 3891 295 3953 id
318 3890 503 3968 habeamus
528 3890 686 3974 reliquum
711 3895 767 3968 est,
791 3895 828 3954 ut
850 3890 1067 3974 inspiciamus,
1084 3891 1161 3974 quid
1178 3893 1268 3956 dubii

205 4135 222 4199 ¹)
240 4145 306 4192 Vide
325 4146 416 4193 Lehrs.
435 4160 494 4207 pag.
515 4147 585 4194 CXII
603 4161 669 4206 sqq„
690 4147 788 4207 Grupp.
808 4149 881 4195 Aeac.
902 4151 952 4196 437
974 4162 1038 4208 sqq„
1058 4149 1175 4197 Schuetz.
1197 4150 1256 4199 365.
