<?xml version="1.0" encoding="UTF-8"?>
<!DOCTYPE html PUBLIC "-//W3C//DTD XHTML 1.0 Transitional//EN"
    "http://www.w3.org/TR/xhtml1/DTD/xhtml1-transitional.dtd">
<html xmlns="http://www.w3.org/1999/xhtml" xml:lang="en" lang="en">
 <head>
  <title>
</title>
<meta http-equiv="Content-Type" content="text/html;charset=utf-8" />
  <meta name='ocr-system' content='tesseract 3.04.00' />
  <meta name='ocr-capabilities' content='ocr_page ocr_carea ocr_par ocr_line ocrx_word'/>
</head>
<body>
  <div class='ocr_page' id='page_1' title='image "./delocistertiiho00olssgoog_0070.png"; bbox 0 0 2766 4590; ppageno 0'>
   <div class='ocr_carea' id='block_1_1' title="bbox 680 182 788 244">
    <p class='ocr_par' dir='ltr' id='par_1_1' title="bbox 613 182 788 244">
     <span class='ocr_line' id='line_1_1' title="bbox 680 182 788 244; baseline 0.029 -21.086"><span class='ocrx_word' id='word_1_1' title='bbox 680 182 718 244; x_wconf 75' lang='lat'>51</span> <span class='ocrx_word' id='word_1_2' title='bbox 747 216 788 226; x_wconf 83' lang='grc'>..</span> 
     </span>
    </p>
   </div>
   <div class='ocr_carea' id='block_1_2' title="bbox 429 364 960 692">
    <p class='ocr_par' dir='ltr' id='par_1_2' title="bbox 429 364 960 692">
     <span class='ocr_line' id='line_1_2' title="bbox 501 364 800 423; baseline -0.003 -12"><span class='ocrx_word' id='word_1_3' title='bbox 501 365 528 411; x_wconf 81' lang='lat' dir='ltr'>Si</span> <span class='ocrx_word' id='word_1_4' title='bbox 546 365 602 423; x_wconf 77' lang='lat' dir='ltr'>figit</span> <span class='ocrx_word' id='word_1_5' title='bbox 621 364 800 411; x_wconf 84' lang='lat' dir='ltr'>adamantinos</span> 
     </span>
     <span class='ocr_line' id='line_1_3' title="bbox 430 453 939 501; baseline -0.006 0"><span class='ocrx_word' id='word_1_6' title='bbox 430 455 541 501; x_wconf 82' lang='lat' dir='ltr'>Summis</span> <span class='ocrx_word' id='word_1_7' title='bbox 560 453 700 500; x_wconf 85' lang='lat' dir='ltr'>verticibus</span> <span class='ocrx_word' id='word_1_8' title='bbox 720 453 776 499; x_wconf 86' lang='lat' dir='ltr'>dira</span> <span class='ocrx_word' id='word_1_9' title='bbox 794 453 939 500; x_wconf 83' lang='lat' dir='ltr'>Necessitas</span> 
     </span>
     <span class='ocr_line' id='line_1_4' title="bbox 429 543 825 598; baseline -0.008 -8"><span class='ocrx_word' id='word_1_10' title='bbox 429 543 527 598; x_wconf 73' lang='lat' dir='ltr'>Claros,</span> <span class='ocrx_word' id='word_1_11' title='bbox 546 557 598 588; x_wconf 90' lang='lat' dir='ltr'>non</span> <span class='ocrx_word' id='word_1_12' title='bbox 616 543 728 588; x_wconf 78' lang='lat' dir='ltr'>animum</span> <span class='ocrx_word' id='word_1_13' title='bbox 746 546 825 597; x_wconf 85' lang='lat' dir='ltr'>metu,</span> 
     </span>
     <span class='ocr_line' id='line_1_5' title="bbox 429 614 960 692; baseline -0.002 -13"><span class='ocrx_word' id='word_1_14' title='bbox 429 634 485 680; x_wconf 88' lang='lat' dir='ltr'>Non</span> <span class='ocrx_word' id='word_1_15' title='bbox 503 632 595 677; x_wconf 89' lang='lat' dir='ltr'>mortis</span> <span class='ocrx_word' id='word_1_16' title='bbox 614 631 713 690; x_wconf 77' lang='lat' dir='ltr'><strong>laqueis</strong></span> <span class='ocrx_word' id='word_1_17' title='bbox 732 614 854 691; x_wconf 82' lang='lat' dir='ltr'>expedies</span> <span class='ocrx_word' id='word_1_18' title='bbox 873 633 960 692; x_wconf 80' lang='lat' dir='ltr'>eaput.</span> 
     </span>
    </p>
   </div>
   <div class='ocr_carea' id='block_1_3' title="bbox 79 731 1304 2316">
    <p class='ocr_par' dir='ltr' id='par_1_3' title="bbox 106 731 1286 1032">
     <span class='ocr_line' id='line_1_6' title="bbox 211 731 1286 818; baseline -0.001 -20"><span class='ocrx_word' id='word_1_19' title='bbox 211 735 259 798; x_wconf 90' lang='lat' dir='ltr'>Hi</span> <span class='ocrx_word' id='word_1_20' title='bbox 283 755 393 799; x_wconf 84' lang='lat' dir='ltr'>versus</span> <span class='ocrx_word' id='word_1_21' title='bbox 416 733 563 817; x_wconf 83' lang='lat' dir='ltr'>pervarie</span> <span class='ocrx_word' id='word_1_22' title='bbox 587 736 661 795; x_wconf 86' lang='lat' dir='ltr'>sunt</span> <span class='ocrx_word' id='word_1_23' title='bbox 685 731 844 815; x_wconf 88' lang='lat' dir='ltr'>explicati.</span> <span class='ocrx_word' id='word_1_24' title='bbox 890 731 1074 797; x_wconf 76' lang='lat' dir='ltr'>Necessitas</span> <span class='ocrx_word' id='word_1_25' title='bbox 1098 733 1150 797; x_wconf 94' lang='lat' dir='ltr'>hic</span> <span class='ocrx_word' id='word_1_26' title='bbox 1171 757 1286 818; x_wconf 87' lang='lat' dir='ltr'>parca·</span> 
     </span>
     <span class='ocr_line' id='line_1_7' title="bbox 106 839 1285 926; baseline -0.001 -20"><span class='ocrx_word' id='word_1_27' title='bbox 106 863 174 907; x_wconf 85' lang='lat' dir='ltr'>rum</span> <span class='ocrx_word' id='word_1_28' title='bbox 208 845 322 926; x_wconf 86' lang='lat' dir='ltr'>partes</span> <span class='ocrx_word' id='word_1_29' title='bbox 355 861 452 924; x_wconf 86' lang='lat' dir='ltr'>agere</span> <span class='ocrx_word' id='word_1_30' title='bbox 475 840 612 915; x_wconf 82' lang='lat' dir='ltr'>videtur,</span> <span class='ocrx_word' id='word_1_31' title='bbox 638 843 669 902; x_wconf 95' lang='lat' dir='ltr'>et</span> <span class='ocrx_word' id='word_1_32' title='bbox 693 839 720 902; x_wconf 86' lang='lat' dir='ltr'>si</span> <span class='ocrx_word' id='word_1_33' title='bbox 743 839 906 902; x_wconf 83' lang='lat' dir='ltr'>nominum</span> <span class='ocrx_word' id='word_1_34' title='bbox 930 840 993 903; x_wconf 90' lang='lat' dir='ltr'>vim</span> <span class='ocrx_word' id='word_1_35' title='bbox 1019 844 1051 903; x_wconf 91' lang='lat' dir='ltr'>et</span> <span class='ocrx_word' id='word_1_36' title='bbox 1074 840 1285 925; x_wconf 84' lang='lat' dir='ltr'>significatio-</span> 
     </span>
     <span class='ocr_line' id='line_1_8' title="bbox 107 945 1284 1032; baseline -0.001 -19"><span class='ocrx_word' id='word_1_37' title='bbox 107 971 176 1015; x_wconf 89' lang='lat' dir='ltr'>nem</span> <span class='ocrx_word' id='word_1_38' title='bbox 198 948 401 1032; x_wconf 83' lang='lat' dir='ltr'>respicimus,</span> <span class='ocrx_word' id='word_1_39' title='bbox 426 948 466 1010; x_wconf 88' lang='lat' dir='ltr'>ad</span> <span class='ocrx_word' id='word_1_40' title='bbox 490 946 606 1031; x_wconf 87' lang='lat' dir='ltr'>Atropi</span> <span class='ocrx_word' id='word_1_41' title='bbox 629 945 765 1010; x_wconf 85' lang='lat' dir='ltr'>maxime</span> <span class='ocrx_word' id='word_1_42' title='bbox 789 968 957 1029; x_wconf 87' lang='lat' dir='ltr'>personam</span> <span class='ocrx_word' id='word_1_43' title='bbox 980 947 1153 1031; x_wconf 80' lang='lat' dir='ltr'>gerendam</span> <span class='ocrx_word' id='word_1_44' title='bbox 1174 969 1284 1012; x_wconf 88' lang='lat' dir='ltr'>neces-</span> 
     </span>
    </p>

    <p class='ocr_par' dir='ltr' id='par_1_4' title="bbox 79 1052 1304 2316">
     <span class='ocr_line' id='line_1_9' title="bbox 79 1052 1286 1139; baseline -0.002 -19"><span class='ocrx_word' id='word_1_45' title='bbox 79 1068 83 1073; x_wconf 89' lang='lat'>&#39;</span> <span class='ocrx_word' id='word_1_46' title='bbox 108 1056 182 1120; x_wconf 84' lang='lat' dir='ltr'>sitas</span> <span class='ocrx_word' id='word_1_47' title='bbox 219 1059 298 1139; x_wconf 85' lang='lat' dir='ltr'>apta</span> <span class='ocrx_word' id='word_1_48' title='bbox 333 1076 401 1119; x_wconf 90' lang='lat' dir='ltr'>esse</span> <span class='ocrx_word' id='word_1_49' title='bbox 424 1054 561 1130; x_wconf 84' lang='lat' dir='ltr'>videtur,</span> <span class='ocrx_word' id='word_1_50' title='bbox 586 1075 657 1136; x_wconf 85' lang='lat' dir='ltr'>quae</span> <span class='ocrx_word' id='word_1_51' title='bbox 682 1054 741 1116; x_wconf 86' lang='lat' dir='ltr'>dea</span> <span class='ocrx_word' id='word_1_52' title='bbox 765 1075 849 1137; x_wconf 87' lang='lat' dir='ltr'>saepe</span> <span class='ocrx_word' id='word_1_53' title='bbox 873 1052 905 1115; x_wconf 91' lang='lat' dir='ltr'>in</span> <span class='ocrx_word' id='word_1_54' title='bbox 931 1053 1070 1137; x_wconf 78' lang='lat' dir='ltr'>antiquis</span> <span class='ocrx_word' id='word_1_55' title='bbox 1094 1054 1229 1138; x_wconf 88' lang='lat' dir='ltr'>picturis</span> <span class='ocrx_word' id='word_1_56' title='bbox 1254 1059 1286 1120; x_wconf 86' lang='lat' dir='ltr'>et</span> 
     </span>
     <span class='ocr_line' id='line_1_10' title="bbox 107 1159 1283 1245; baseline -0.001 -19"><span class='ocrx_word' id='word_1_57' title='bbox 107 1163 187 1226; x_wconf 83' lang='lat' dir='ltr'>rasis</span> <span class='ocrx_word' id='word_1_58' title='bbox 224 1184 298 1226; x_wconf 90' lang='lat' dir='ltr'>cum</span> <span class='ocrx_word' id='word_1_59' title='bbox 333 1160 421 1226; x_wconf 85' lang='lat' dir='ltr'>clavo</span> <span class='ocrx_word' id='word_1_60' title='bbox 457 1164 489 1224; x_wconf 91' lang='lat' dir='ltr'>et</span> <span class='ocrx_word' id='word_1_61' title='bbox 512 1159 626 1223; x_wconf 89' lang='lat' dir='ltr'>malleo</span> <span class='ocrx_word' id='word_1_62' title='bbox 649 1160 725 1224; x_wconf 89' lang='lat' dir='ltr'>ficta</span> <span class='ocrx_word' id='word_1_63' title='bbox 749 1164 807 1223; x_wconf 89' lang='lat' dir='ltr'>est.</span> <span class='ocrx_word' id='word_1_64' title='bbox 856 1159 939 1235; x_wconf 80' lang='lat' dir='ltr'>Quid</span> <span class='ocrx_word' id='word_1_65' title='bbox 963 1161 1125 1245; x_wconf 86' lang='lat' dir='ltr'>significat</span> <span class='ocrx_word' id='word_1_66' title='bbox 1149 1161 1203 1225; x_wconf 92' lang='lat' dir='ltr'>ille</span> <span class='ocrx_word' id='word_1_67' title='bbox 1227 1184 1283 1225; x_wconf 94' lang='lat' dir='ltr'>ne-</span> 
     </span>
     <span class='ocr_line' id='line_1_11' title="bbox 106 1267 1284 1352; baseline 0 -19"><span class='ocrx_word' id='word_1_68' title='bbox 106 1269 265 1334; x_wconf 86' lang='lat' dir='ltr'>cessitatis</span> <span class='ocrx_word' id='word_1_69' title='bbox 301 1267 420 1345; x_wconf 78' lang='lat' dir='ltr'>clavus,</span> <span class='ocrx_word' id='word_1_70' title='bbox 456 1267 573 1351; x_wconf 85' lang='lat' dir='ltr'>quidve</span> <span class='ocrx_word' id='word_1_71' title='bbox 609 1271 657 1330; x_wconf 87' lang='lat' dir='ltr'>est</span> <span class='ocrx_word' id='word_1_72' title='bbox 680 1267 811 1330; x_wconf 86' lang='lat' dir='ltr'>summis</span> <span class='ocrx_word' id='word_1_73' title='bbox 835 1267 1010 1331; x_wconf 83' lang='lat' dir='ltr'>verticibus</span> <span class='ocrx_word' id='word_1_74' title='bbox 1035 1269 1138 1332; x_wconf 89' lang='lat' dir='ltr'>clavos</span> <span class='ocrx_word' id='word_1_75' title='bbox 1162 1269 1284 1352; x_wconf 82' lang='lat' dir='ltr'>figere?</span> 
     </span>
     <span class='ocr_line' id='line_1_12' title="bbox 105 1372 1304 1458; baseline 0.001 -19"><span class='ocrx_word' id='word_1_76' title='bbox 105 1372 239 1440; x_wconf 87' lang='lat' dir='ltr'>Plurimi</span> <span class='ocrx_word' id='word_1_77' title='bbox 262 1375 455 1458; x_wconf 77' lang='lat' dir='ltr'>interpretes</span> <span class='ocrx_word' id='word_1_78' title='bbox 483 1374 557 1437; x_wconf 89' lang='lat' dir='ltr'>inde</span> <span class='ocrx_word' id='word_1_79' title='bbox 589 1397 607 1436; x_wconf 92' lang='lat' dir='ltr'>a</span> <span class='ocrx_word' id='word_1_80' title='bbox 637 1373 786 1438; x_wconf 89' lang='lat' dir='ltr'>Dacierio</span> <span class='ocrx_word' id='word_1_81' title='bbox 818 1373 1021 1440; x_wconf 86' lang='lat' dir='ltr'>crediderunt</span> <span class='ocrx_word' id='word_1_82' title='bbox 1050 1397 1187 1438; x_wconf 87' lang='lat' dir='ltr'>summos</span> <span class='ocrx_word' id='word_1_83' title='bbox 1210 1399 1304 1440; x_wconf 82' lang='lat' dir='ltr'>ver-·</span> 
     </span>
     <span class='ocr_line' id='line_1_13' title="bbox 108 1480 1282 1565; baseline -0.001 -18"><span class='ocrx_word' id='word_1_84' title='bbox 108 1483 182 1547; x_wconf 89' lang='lat' dir='ltr'>tices</span> <span class='ocrx_word' id='word_1_85' title='bbox 207 1504 277 1546; x_wconf 87' lang='lat' dir='ltr'>esse</span> <span class='ocrx_word' id='word_1_86' title='bbox 302 1483 451 1545; x_wconf 89' lang='lat' dir='ltr'>domuum</span> <span class='ocrx_word' id='word_1_87' title='bbox 474 1481 607 1565; x_wconf 83' lang='lat' dir='ltr'>fastigia</span> <span class='ocrx_word' id='word_1_88' title='bbox 631 1485 663 1544; x_wconf 91' lang='lat' dir='ltr'>et</span> <span class='ocrx_word' id='word_1_89' title='bbox 687 1481 791 1545; x_wconf 88' lang='lat' dir='ltr'>clavos</span> <span class='ocrx_word' id='word_1_90' title='bbox 815 1480 998 1564; x_wconf 83' lang='lat' dir='ltr'>significare</span> <span class='ocrx_word' id='word_1_91' title='bbox 1021 1481 1125 1545; x_wconf 88' lang='lat' dir='ltr'>clavos</span> <span class='ocrx_word' id='word_1_92' title='bbox 1143 1481 1282 1560; x_wconf 84' lang='lat' dir='ltr'>annales,</span> 
     </span>
     <span class='ocr_line' id='line_1_14' title="bbox 106 1587 1283 1675; baseline 0 -22"><span class='ocrx_word' id='word_1_93' title='bbox 106 1590 160 1675; x_wconf 90' lang='lat' dir='ltr'>qui</span> <span class='ocrx_word' id='word_1_94' title='bbox 182 1593 268 1653; x_wconf 87' lang='lat' dir='ltr'>teste</span> <span class='ocrx_word' id='word_1_95' title='bbox 291 1589 383 1652; x_wconf 87' lang='lat' dir='ltr'>Livio</span> <span class='ocrx_word' id='word_1_96' title='bbox 408 1587 453 1670; x_wconf 81' lang='lat'>(7,</span> <span class='ocrx_word' id='word_1_97' title='bbox 479 1588 513 1669; x_wconf 81' lang='lat'>3)</span> <span class='ocrx_word' id='word_1_98' title='bbox 541 1610 599 1671; x_wconf 90' lang='lat' dir='ltr'>per</span> <span class='ocrx_word' id='word_1_99' title='bbox 623 1610 720 1650; x_wconf 86' lang='lat' dir='ltr'>annos</span> <span class='ocrx_word' id='word_1_100' title='bbox 744 1587 922 1672; x_wconf 83' lang='lat' dir='ltr'>singulosa</span> <span class='ocrx_word' id='word_1_101' title='bbox 945 1592 1082 1672; x_wconf 83' lang='lat' dir='ltr'>praetore</span> <span class='ocrx_word' id='word_1_102' title='bbox 1098 1589 1233 1653; x_wconf 87' lang='lat' dir='ltr'>maximo</span> <span class='ocrx_word' id='word_1_103' title='bbox 1250 1590 1283 1653; x_wconf 91' lang='lat' dir='ltr'>in</span> 
     </span>
     <span class='ocr_line' id='line_1_15' title="bbox 107 1691 1282 1780; baseline -0.001 -20"><span class='ocrx_word' id='word_1_104' title='bbox 107 1697 282 1780; x_wconf 88' lang='lat' dir='ltr'>parietibus</span> <span class='ocrx_word' id='word_1_105' title='bbox 316 1695 430 1778; x_wconf 93' lang='lat' dir='ltr'>templi</span> <span class='ocrx_word' id='word_1_106' title='bbox 464 1694 548 1759; x_wconf 83' lang='lat' dir='ltr'>lovis</span> <span class='ocrx_word' id='word_1_107' title='bbox 576 1691 769 1779; x_wconf 82' lang='lat' dir='ltr'>figebantur,</span> <span class='ocrx_word' id='word_1_108' title='bbox 793 1699 829 1757; x_wconf 91' lang='lat' dir='ltr'>ut</span> <span class='ocrx_word' id='word_1_109' title='bbox 851 1716 910 1777; x_wconf 91' lang='lat' dir='ltr'>per</span> <span class='ocrx_word' id='word_1_110' title='bbox 934 1716 986 1757; x_wconf 91' lang='lat' dir='ltr'>eos</span> <span class='ocrx_word' id='word_1_111' title='bbox 1009 1717 1159 1759; x_wconf 88' lang='lat' dir='ltr'>numerus</span> <span class='ocrx_word' id='word_1_112' title='bbox 1184 1709 1282 1759; x_wconf 79' lang='lat' dir='ltr'>anno-</span> 
     </span>
     <span class='ocr_line' id='line_1_16' title="bbox 106 1800 1281 1888; baseline 0 -21"><span class='ocrx_word' id='word_1_113' title='bbox 106 1826 177 1882; x_wconf 90' lang='lat' dir='ltr'>rum</span> <span class='ocrx_word' id='word_1_114' title='bbox 203 1803 426 1888; x_wconf 84' lang='lat' dir='ltr'>collegeretur.</span> <span class='ocrx_word' id='word_1_115' title='bbox 473 1801 554 1865; x_wconf 86' lang='lat' dir='ltr'>Haec</span> <span class='ocrx_word' id='word_1_116' title='bbox 577 1805 684 1864; x_wconf 90' lang='lat' dir='ltr'>tamen</span> <span class='ocrx_word' id='word_1_117' title='bbox 709 1801 875 1884; x_wconf 80' lang='lat' dir='ltr'>explicatio</span> <span class='ocrx_word' id='word_1_118' title='bbox 900 1800 994 1884; x_wconf 84' lang='lat' dir='ltr'>longe</span> <span class='ocrx_word' id='word_1_119' title='bbox 1018 1801 1121 1884; x_wconf 89' lang='lat' dir='ltr'>petita</span> <span class='ocrx_word' id='word_1_120' title='bbox 1145 1803 1281 1882; x_wconf 78' lang='lat' dir='ltr'>videtur,</span> 
     </span>
     <span class='ocr_line' id='line_1_17' title="bbox 104 1907 1281 1996; baseline 0.001 -23"><span class='ocrx_word' id='word_1_121' title='bbox 104 1932 206 1996; x_wconf 88' lang='lat' dir='ltr'>neque</span> <span class='ocrx_word' id='word_1_122' title='bbox 241 1908 424 1974; x_wconf 83' lang='lat' dir='ltr'>verisimilis</span> <span class='ocrx_word' id='word_1_123' title='bbox 460 1912 517 1972; x_wconf 88' lang='lat' dir='ltr'>est.</span> <span class='ocrx_word' id='word_1_124' title='bbox 564 1907 732 1990; x_wconf 88' lang='lat' dir='ltr'>Nusquam</span> <span class='ocrx_word' id='word_1_125' title='bbox 757 1908 840 1971; x_wconf 88' lang='lat' dir='ltr'>enirn</span> <span class='ocrx_word' id='word_1_126' title='bbox 865 1908 949 1991; x_wconf 90' lang='lat' dir='ltr'>apud</span> <span class='ocrx_word' id='word_1_127' title='bbox 973 1908 1142 1992; x_wconf 86' lang='lat' dir='ltr'>scriptores</span> <span class='ocrx_word' id='word_1_128' title='bbox 1166 1909 1281 1974; x_wconf 85' lang='lat' dir='ltr'>latinos</span> 
     </span>
     <span class='ocr_line' id='line_1_18' title="bbox 104 2014 1282 2100; baseline 0 -20"><span class='ocrx_word' id='word_1_129' title='bbox 104 2018 276 2083; x_wconf 86' lang='lat' dir='ltr'>necessitas</span> <span class='ocrx_word' id='word_1_130' title='bbox 300 2016 367 2080; x_wconf 79' lang='lat' dir='ltr'>sive</span> <span class='ocrx_word' id='word_1_131' title='bbox 390 2016 493 2078; x_wconf 87' lang='lat' dir='ltr'>fatum</span> <span class='ocrx_word' id='word_1_132' title='bbox 516 2014 662 2099; x_wconf 86' lang='lat' dir='ltr'>praetoris</span> <span class='ocrx_word' id='word_1_133' title='bbox 686 2015 815 2078; x_wconf 88' lang='lat' dir='ltr'>maximi</span> <span class='ocrx_word' id='word_1_134' title='bbox 831 2036 999 2098; x_wconf 89' lang='lat' dir='ltr'>personam</span> <span class='ocrx_word' id='word_1_135' title='bbox 1012 2016 1106 2100; x_wconf 82' lang='lat' dir='ltr'>gerit,</span> <span class='ocrx_word' id='word_1_136' title='bbox 1125 2039 1282 2100; x_wconf 90' lang='lat' dir='ltr'>nusquam</span> 
     </span>
     <span class='ocr_line' id='line_1_19' title="bbox 105 2123 1281 2208; baseline 0.003 -22"><span class='ocrx_word' id='word_1_137' title='bbox 105 2123 136 2187; x_wconf 90' lang='lat' dir='ltr'>id</span> <span class='ocrx_word' id='word_1_138' title='bbox 167 2125 268 2188; x_wconf 87' lang='lat' dir='ltr'>habet</span> <span class='ocrx_word' id='word_1_139' title='bbox 301 2145 426 2200; x_wconf 78' lang='lat' dir='ltr'>munus,</span> <span class='ocrx_word' id='word_1_140' title='bbox 462 2125 497 2185; x_wconf 87' lang='lat' dir='ltr'>ut</span> <span class='ocrx_word' id='word_1_141' title='bbox 532 2145 629 2185; x_wconf 88' lang='lat' dir='ltr'>annos</span> <span class='ocrx_word' id='word_1_142' title='bbox 652 2126 808 2199; x_wconf 88' lang='lat' dir='ltr'>numeret,</span> <span class='ocrx_word' id='word_1_143' title='bbox 832 2144 935 2205; x_wconf 92' lang='lat' dir='ltr'>neque</span> <span class='ocrx_word' id='word_1_144' title='bbox 959 2145 1094 2206; x_wconf 89' lang='lat' dir='ltr'>usquam</span> <span class='ocrx_word' id='word_1_145' title='bbox 1117 2124 1224 2208; x_wconf 86' lang='lat' dir='ltr'>pinnae</span> <span class='ocrx_word' id='word_1_146' title='bbox 1249 2130 1281 2189; x_wconf 94' lang='lat' dir='ltr'>et</span> 
     </span>
     <span class='ocr_line' id='line_1_20' title="bbox 107 2226 806 2316; baseline 0 -24"><span class='ocrx_word' id='word_1_147' title='bbox 107 2226 236 2316; x_wconf 69' lang='lat' dir='ltr'>fattigia</span> <span class='ocrx_word' id='word_1_148' title='bbox 260 2231 409 2294; x_wconf 91' lang='lat' dir='ltr'>domuum</span> <span class='ocrx_word' id='word_1_149' title='bbox 434 2229 637 2313; x_wconf 85' lang='lat' dir='ltr'>appellantur</span> <span class='ocrx_word' id='word_1_150' title='bbox 659 2230 806 2292; x_wconf 78' lang='lat' dir='ltr'>vertices</span> 
     </span>
    </p>
   </div>
   <div class='ocr_carea' id='block_1_4' title="bbox 106 2333 1281 2638">
    <p class='ocr_par' dir='ltr' id='par_1_5' title="bbox 106 2333 1281 2638">
     <span class='ocr_line' id='line_1_21' title="bbox 208 2333 1281 2414; baseline 0.002 -13"><span class='ocrx_word' id='word_1_151' title='bbox 208 2336 426 2402; x_wconf 80' lang='lat' dir='ltr'>Conferendus</span> <span class='ocrx_word' id='word_1_152' title='bbox 451 2340 498 2399; x_wconf 88' lang='lat' dir='ltr'>est</span> <span class='ocrx_word' id='word_1_153' title='bbox 520 2336 574 2399; x_wconf 93' lang='lat' dir='ltr'>hic</span> <span class='ocrx_word' id='word_1_154' title='bbox 597 2336 683 2399; x_wconf 91' lang='lat' dir='ltr'>locus</span> <span class='ocrx_word' id='word_1_155' title='bbox 708 2358 780 2399; x_wconf 88' lang='lat' dir='ltr'>curn</span> <span class='ocrx_word' id='word_1_156' title='bbox 804 2333 862 2399; x_wconf 88' lang='lat' dir='ltr'>Od.</span> <span class='ocrx_word' id='word_1_157' title='bbox 880 2335 904 2400; x_wconf 92' lang='lat' dir='ltr'>I:</span> <span class='ocrx_word' id='word_1_158' title='bbox 923 2337 976 2414; x_wconf 77' lang='lat'>35,</span> <span class='ocrx_word' id='word_1_159' title='bbox 996 2337 1126 2403; x_wconf 80' lang='lat'>17-20</span> <span class='ocrx_word' id='word_1_160' title='bbox 1145 2343 1176 2401; x_wconf 90' lang='lat' dir='ltr'>et</span> <span class='ocrx_word' id='word_1_161' title='bbox 1192 2344 1281 2403; x_wconf 87' lang='lat' dir='ltr'>recta</span> 
     </span>
     <span class='ocr_line' id='line_1_22' title="bbox 106 2442 1177 2543; baseline 0.001 -37"><span class='ocrx_word' id='word_1_162' title='bbox 106 2443 324 2529; x_wconf 84' lang='lat' dir='ltr'>interpretatio</span> <span class='ocrx_word' id='word_1_163' title='bbox 349 2465 366 2543; x_wconf 91' lang='lat' dir='ltr'>e</span> <span class='ocrx_word' id='word_1_164' title='bbox 389 2442 634 2506; x_wconf 85' lang='lat' dir='ltr'>scholiastarum</span> <span class='ocrx_word' id='word_1_165' title='bbox 658 2442 914 2506; x_wconf 88' lang='lat' dir='ltr'>annotationibus</span> <span class='ocrx_word' id='word_1_166' title='bbox 939 2447 987 2506; x_wconf 88' lang='lat' dir='ltr'>est</span> <span class='ocrx_word' id='word_1_167' title='bbox 1011 2442 1177 2507; x_wconf 88' lang='lat' dir='ltr'>elicienda.</span> 
     </span>
     <span class='ocr_line' id='line_1_23' title="bbox 206 2550 550 2638; baseline -0.003 -23"><span class='ocrx_word' id='word_1_168' title='bbox 206 2551 286 2615; x_wconf 91' lang='lat' dir='ltr'>Hor.</span> <span class='ocrx_word' id='word_1_169' title='bbox 310 2550 332 2613; x_wconf 94' lang='lat' dir='ltr'>l.</span> <span class='ocrx_word' id='word_1_170' title='bbox 357 2574 383 2614; x_wconf 90' lang='lat' dir='ltr'>o.</span> <span class='ocrx_word' id='word_1_171' title='bbox 408 2550 550 2638; x_wconf 86' lang='lat' dir='ltr'>scripsit:</span> 
     </span>
    </p>
   </div>
   <div class='ocr_carea' id='block_1_5' title="bbox 420 2670 958 3009">
    <p class='ocr_par' dir='ltr' id='par_1_6' title="bbox 422 2670 921 2913">
     <span class='ocr_line' id='line_1_24' title="bbox 423 2670 921 2739; baseline 0 -12"><span class='ocrx_word' id='word_1_172' title='bbox 423 2683 460 2727; x_wconf 77' lang='lat' dir='ltr'>Te</span> <span class='ocrx_word' id='word_1_173' title='bbox 479 2694 580 2739; x_wconf 86' lang='lat' dir='ltr'>semper</span> <span class='ocrx_word' id='word_1_174' title='bbox 599 2681 664 2727; x_wconf 85' lang='lat' dir='ltr'>ontit</span> <span class='ocrx_word' id='word_1_175' title='bbox 684 2694 756 2726; x_wconf 86' lang='lat' dir='ltr'>serva</span> <span class='ocrx_word' id='word_1_176' title='bbox 775 2670 921 2727; x_wconf 83' lang='lat' dir='ltr'>Necessitas</span> 
     </span>
     <span class='ocr_line' id='line_1_25' title="bbox 423 2770 900 2816; baseline 0 0"><span class='ocrx_word' id='word_1_177' title='bbox 423 2770 514 2816; x_wconf 81' lang='lat' dir='ltr'>Claros</span> <span class='ocrx_word' id='word_1_178' title='bbox 533 2770 645 2815; x_wconf 79' lang='lat' dir='ltr'>trabales</span> <span class='ocrx_word' id='word_1_179' title='bbox 665 2773 690 2815; x_wconf 91' lang='lat' dir='ltr'>et</span> <span class='ocrx_word' id='word_1_180' title='bbox 710 2783 805 2815; x_wconf 84' lang='lat' dir='ltr'>cuneos</span> <span class='ocrx_word' id='word_1_181' title='bbox 824 2783 900 2816; x_wconf 87' lang='lat' dir='ltr'>manu</span> 
     </span>
     <span class='ocr_line' id='line_1_26' title="bbox 422 2859 830 2913; baseline 0.005 -9"><span class='ocrx_word' id='word_1_182' title='bbox 422 2861 534 2905; x_wconf 84' lang='lat' dir='ltr'>Gestans</span> <span class='ocrx_word' id='word_1_183' title='bbox 553 2859 641 2913; x_wconf 85' lang='lat' dir='ltr'>ahena,</span> <span class='ocrx_word' id='word_1_184' title='bbox 661 2873 706 2905; x_wconf 89' lang='lat' dir='ltr'>nec</span> <span class='ocrx_word' id='word_1_185' title='bbox 726 2873 830 2906; x_wconf 84' lang='lat' dir='ltr'>severus</span> 
     </span>
    </p>

    <p class='ocr_par' dir='ltr' id='par_1_7' title="bbox 420 2948 958 3009">
     <span class='ocr_line' id='line_1_27' title="bbox 420 2948 958 3009; baseline 0.004 -15"><span class='ocrx_word' id='word_1_186' title='bbox 420 2950 507 2995; x_wconf 90' lang='lat' dir='ltr'>Uncus</span> <span class='ocrx_word' id='word_1_187' title='bbox 526 2949 600 2994; x_wconf 90' lang='lat' dir='ltr'>abest</span> <span class='ocrx_word' id='word_1_188' title='bbox 619 2948 796 3007; x_wconf 88' lang='lat' dir='ltr'>liquidumque</span> <span class='ocrx_word' id='word_1_189' title='bbox 815 2949 958 3009; x_wconf 91' lang='lat' dir='ltr'>plumbum.</span> 
     </span>
    </p>
   </div>
   <div class='ocr_carea' id='block_1_6' title="bbox 58 3047 1312 3988">
    <p class='ocr_par' dir='ltr' id='par_1_8' title="bbox 58 3047 1312 3988">
     <span class='ocr_line' id='line_1_28' title="bbox 205 3047 1278 3132; baseline 0.004 -20"><span class='ocrx_word' id='word_1_190' title='bbox 205 3047 352 3132; x_wconf 85' lang='lat' dir='ltr'>Uterque</span> <span class='ocrx_word' id='word_1_191' title='bbox 376 3049 473 3113; x_wconf 90' lang='lat' dir='ltr'>schol.</span> <span class='ocrx_word' id='word_1_192' title='bbox 498 3072 550 3113; x_wconf 90' lang='lat' dir='ltr'>res</span> <span class='ocrx_word' id='word_1_193' title='bbox 573 3049 605 3112; x_wconf 92' lang='lat' dir='ltr'>h.</span> <span class='ocrx_word' id='word_1_194' title='bbox 630 3049 651 3112; x_wconf 94' lang='lat' dir='ltr'>l.</span> <span class='ocrx_word' id='word_1_195' title='bbox 677 3055 878 3114; x_wconf 83' lang='lat' dir='ltr'>enumeratas</span> <span class='ocrx_word' id='word_1_196' title='bbox 902 3051 1114 3115; x_wconf 89' lang='lat' dir='ltr'>instrumenta</span> <span class='ocrx_word' id='word_1_197' title='bbox 1129 3052 1278 3116; x_wconf 88' lang='lat' dir='ltr'>lictorum</span> 
     </span>
     <span class='ocr_line' id='line_1_29' title="bbox 107 3149 1272 3242; baseline 0.003 -24"><span class='ocrx_word' id='word_1_198' title='bbox 107 3155 153 3219; x_wconf 80' lang='lat' dir='ltr'>rel</span> <span class='ocrx_word' id='word_1_199' title='bbox 188 3149 408 3240; x_wconf 86' lang='lat' dir='ltr'>apparitorum</span> <span class='ocrx_word' id='word_1_200' title='bbox 444 3178 511 3219; x_wconf 87' lang='lat' dir='ltr'>esse</span> <span class='ocrx_word' id='word_1_201' title='bbox 547 3156 634 3232; x_wconf 73' lang='lat' dir='ltr'>dixit,</span> <span class='ocrx_word' id='word_1_202' title='bbox 671 3157 787 3239; x_wconf 89' lang='lat' dir='ltr'>quibus</span> <span class='ocrx_word' id='word_1_203' title='bbox 827 3158 1061 3240; x_wconf 83' lang='lat' dir='ltr'>„puniebantur</span> <span class='ocrx_word' id='word_1_204' title='bbox 1090 3160 1272 3242; x_wconf 81' lang='lat' dir='ltr'>dampnati“</span> 
     </span>
     <span class='ocr_line' id='line_1_30' title="bbox 58 3256 1276 3347; baseline 0.003 -22"><span class='ocrx_word' id='word_1_205' title='bbox 58 3256 65 3345; x_wconf 71' lang='lat' dir='ltr'>l</span> <span class='ocrx_word' id='word_1_206' title='bbox 105 3259 221 3346; x_wconf 81' lang='lat' dir='ltr'>(Acro).</span> <span class='ocrx_word' id='word_1_207' title='bbox 273 3256 444 3347; x_wconf 79' lang='lat' dir='ltr'>„Eleganti</span> <span class='ocrx_word' id='word_1_208' title='bbox 468 3263 672 3345; x_wconf 88' lang='lat' dir='ltr'>conceptione</span> <span class='ocrx_word' id='word_1_209' title='bbox 695 3264 1276 3330; x_wconf 87' lang='lat' dir='ltr'>haecinstrumentaaccomodatFor-</span> 
     </span>
     <span class='ocr_line' id='line_1_31' title="bbox 104 3369 1275 3462; baseline 0.005 -32"><span class='ocrx_word' id='word_1_210' title='bbox 104 3371 195 3446; x_wconf 72' lang='lat' dir='ltr'>timae,</span> <span class='ocrx_word' id='word_1_211' title='bbox 232 3369 355 3462; x_wconf 87' lang='lat' dir='ltr'>scilicet</span> <span class='ocrx_word' id='word_1_212' title='bbox 390 3371 504 3452; x_wconf 88' lang='lat' dir='ltr'>quibus</span> <span class='ocrx_word' id='word_1_213' title='bbox 540 3371 626 3454; x_wconf 84' lang='lat' dir='ltr'>cogit</span> <span class='ocrx_word' id='word_1_214' title='bbox 650 3374 681 3433; x_wconf 91' lang='lat' dir='ltr'>et</span> <span class='ocrx_word' id='word_1_215' title='bbox 704 3374 832 3454; x_wconf 88' lang='lat' dir='ltr'>torquet</span> <span class='ocrx_word' id='word_1_216' title='bbox 855 3372 1063 3454; x_wconf 90' lang='lat' dir='ltr'>implicatque</span> <span class='ocrx_word' id='word_1_217' title='bbox 1086 3395 1137 3435; x_wconf 86' lang='lat' dir='ltr'>res</span> <span class='ocrx_word' id='word_1_218' title='bbox 1160 3373 1275 3436; x_wconf 89' lang='lat' dir='ltr'>huma·</span> 
     </span>
     <span class='ocr_line' id='line_1_32' title="bbox 104 3474 1276 3562; baseline 0.005 -24"><span class='ocrx_word' id='word_1_219' title='bbox 104 3479 172 3539; x_wconf 79' lang='lat' dir='ltr'>nas“&#39;</span> <span class='ocrx_word' id='word_1_220' title='bbox 225 3474 371 3559; x_wconf 84' lang='lat' dir='ltr'>(Porph.)</span> <span class='ocrx_word' id='word_1_221' title='bbox 445 3475 598 3539; x_wconf 88' lang='lat' dir='ltr'>Lehrsius</span> <span class='ocrx_word' id='word_1_222' title='bbox 632 3478 665 3539; x_wconf 92' lang='lat' dir='ltr'>in</span> <span class='ocrx_word' id='word_1_223' title='bbox 701 3479 820 3561; x_wconf 89' lang='lat' dir='ltr'>optima</span> <span class='ocrx_word' id='word_1_224' title='bbox 855 3480 901 3542; x_wconf 89' lang='lat' dir='ltr'>rei</span> <span class='ocrx_word' id='word_1_225' title='bbox 938 3480 1129 3562; x_wconf 84' lang='lat' dir='ltr'>expositione</span> <span class='ocrx_word' id='word_1_226' title='bbox 1166 3480 1276 3544; x_wconf 88' lang='lat' dir='ltr'>eodem</span> 
     </span>
     <span class='ocr_line' id='line_1_33' title="bbox 103 3582 1312 3668; baseline 0.005 -24"><span class='ocrx_word' id='word_1_227' title='bbox 103 3584 188 3646; x_wconf 91' lang='lat' dir='ltr'>modo</span> <span class='ocrx_word' id='word_1_228' title='bbox 215 3582 393 3666; x_wconf 85' lang='lat' dir='ltr'>explicavit.</span> <span class='ocrx_word' id='word_1_229' title='bbox 417 3605 521 3666; x_wconf 88' lang='lat' dir='ltr'>neque</span> <span class='ocrx_word' id='word_1_230' title='bbox 544 3584 649 3647; x_wconf 78' lang='lat' dir='ltr'>fecere</span> <span class='ocrx_word' id='word_1_231' title='bbox 673 3607 810 3668; x_wconf 76' lang='lat' dir='ltr'>possum,</span> <span class='ocrx_word' id='word_1_232' title='bbox 836 3586 913 3668; x_wconf 89' lang='lat' dir='ltr'>quin</span> <span class='ocrx_word' id='word_1_233' title='bbox 936 3586 1043 3663; x_wconf 75' lang='lat' dir='ltr'>mirer,</span> <span class='ocrx_word' id='word_1_234' title='bbox 1069 3588 1152 3668; x_wconf 87' lang='lat' dir='ltr'>quod</span> <span class='ocrx_word' id='word_1_235' title='bbox 1174 3588 1274 3652; x_wconf 86' lang='lat' dir='ltr'>inter·</span> <span class='ocrx_word' id='word_1_236' title='bbox 1309 3629 1312 3635; x_wconf 88' lang='lat'><em>·</em></span> 
     </span>
     <span class='ocr_line' id='line_1_34' title="bbox 103 3690 1273 3773; baseline 0.004 -21"><span class='ocrx_word' id='word_1_237' title='bbox 103 3693 204 3769; x_wconf 87' lang='lat' dir='ltr'>pretes</span> <span class='ocrx_word' id='word_1_238' title='bbox 228 3690 373 3773; x_wconf 90' lang='lat' dir='ltr'>plerique</span> <span class='ocrx_word' id='word_1_239' title='bbox 398 3712 504 3753; x_wconf 86' lang='lat' dir='ltr'>omnes</span> <span class='ocrx_word' id='word_1_240' title='bbox 523 3690 547 3772; x_wconf 82' lang='lat'>¹)</span> <span class='ocrx_word' id='word_1_241' title='bbox 571 3695 677 3773; x_wconf 88' lang='lat' dir='ltr'>spreto</span> <span class='ocrx_word' id='word_1_242' title='bbox 701 3691 944 3755; x_wconf 85' lang='lat' dir='ltr'>scholiastarum</span> <span class='ocrx_word' id='word_1_243' title='bbox 972 3693 1112 3757; x_wconf 91' lang='lat' dir='ltr'>subsidio</span> <span class='ocrx_word' id='word_1_244' title='bbox 1137 3698 1273 3758; x_wconf 87' lang='lat' dir='ltr'>structo-</span> 
     </span>
     <span class='ocr_line' id='line_1_35' title="bbox 104 3795 1274 3881; baseline 0.006 -23"><span class='ocrx_word' id='word_1_245' title='bbox 104 3795 144 3859; x_wconf 85' lang='lat' dir='ltr'>ris</span> <span class='ocrx_word' id='word_1_246' title='bbox 166 3797 247 3861; x_wconf 83' lang='lat' dir='ltr'>viles</span> <span class='ocrx_word' id='word_1_247' title='bbox 270 3801 379 3880; x_wconf 88' lang='lat' dir='ltr'>partes</span> <span class='ocrx_word' id='word_1_248' title='bbox 407 3796 472 3860; x_wconf 85' lang='lat' dir='ltr'>fato</span> <span class='ocrx_word' id='word_1_249' title='bbox 502 3797 666 3874; x_wconf 87' lang='lat' dir='ltr'>dederunt,</span> <span class='ocrx_word' id='word_1_250' title='bbox 697 3799 781 3881; x_wconf 91' lang='lat' dir='ltr'>quod</span> <span class='ocrx_word' id='word_1_251' title='bbox 804 3800 1015 3863; x_wconf 86' lang='lat' dir='ltr'>instrumenta</span> <span class='ocrx_word' id='word_1_252' title='bbox 1038 3801 1100 3864; x_wconf 87' lang='lat' dir='ltr'>ista</span> <span class='ocrx_word' id='word_1_253' title='bbox 1125 3803 1165 3865; x_wconf 87' lang='lat' dir='ltr'>ab</span> <span class='ocrx_word' id='word_1_254' title='bbox 1190 3802 1274 3865; x_wconf 84' lang='lat' dir='ltr'>eius-</span> 
     </span>
     <span class='ocr_line' id='line_1_36' title="bbox 100 3904 723 3988; baseline 0.003 -22"><span class='ocrx_word' id='word_1_255' title='bbox 100 3904 182 3966; x_wconf 90' lang='lat' dir='ltr'>modi</span> <span class='ocrx_word' id='word_1_256' title='bbox 204 3904 387 3967; x_wconf 88' lang='lat' dir='ltr'>hominibus</span> <span class='ocrx_word' id='word_1_257' title='bbox 410 3906 559 3988; x_wconf 85' lang='lat' dir='ltr'>usurpari</span> <span class='ocrx_word' id='word_1_258' title='bbox 581 3909 723 3988; x_wconf 87' lang='lat' dir='ltr'>possunt.</span> 
     </span>
    </p>
   </div>
   <div class='ocr_carea' id='block_1_7' title="bbox 209 4114 1226 4184">
    <p class='ocr_par' dir='ltr' id='par_1_9' title="bbox 209 4114 1226 4184">
     <span class='ocr_line' id='line_1_37' title="bbox 209 4114 1226 4184; baseline 0.007 -16"><span class='ocrx_word' id='word_1_259' title='bbox 209 4114 226 4177; x_wconf 83' lang='lat'>¹)</span> <span class='ocrx_word' id='word_1_260' title='bbox 246 4124 367 4182; x_wconf 85' lang='lat' dir='ltr'>Exceptis</span> <span class='ocrx_word' id='word_1_261' title='bbox 386 4126 470 4169; x_wconf 88' lang='lat' dir='ltr'>tamen</span> <span class='ocrx_word' id='word_1_262' title='bbox 489 4125 605 4179; x_wconf 87' lang='lat' dir='ltr'>Lehrsio‚</span> <span class='ocrx_word' id='word_1_263' title='bbox 625 4125 732 4181; x_wconf 88' lang='lat' dir='ltr'>Rittero,</span> <span class='ocrx_word' id='word_1_264' title='bbox 752 4126 861 4184; x_wconf 85' lang='lat' dir='ltr'>Ungoro,</span> <span class='ocrx_word' id='word_1_265' title='bbox 882 4127 1025 4182; x_wconf 85' lang='lat' dir='ltr'>Schuetzio,</span> <span class='ocrx_word' id='word_1_266' title='bbox 1045 4130 1075 4174; x_wconf 89' lang='lat' dir='ltr'>L.</span> <span class='ocrx_word' id='word_1_267' title='bbox 1095 4129 1226 4176; x_wconf 88' lang='lat' dir='ltr'>Muellero.</span> 
     </span>
    </p>
   </div>
   <div class='ocr_carea' id='block_1_8' title="bbox 0 0 1388 4590">
    <p class='ocr_par' dir='ltr' id='par_1_10' title="bbox 0 0 1388 4590">
     <span class='ocr_line' id='line_1_38' title="bbox 0 0 1388 4590; baseline 0 3"><span class='ocrx_word' id='word_1_268' title='bbox 0 0 1388 4590; x_wconf 95' lang='lat' dir='ltr'> </span> 
     </span>
    </p>
   </div>
  </div>
 </body>
</html>
