2766 4590
60 1207 200 1372 Quum
234 1281 299 1344 iam
334 1279 394 1342 alio
430 1280 615 1362 tempore1)
644 1279 933 1362 interpolationum
959 1302 1030 1362 quae
1054 1281 1239 1365 inscriptis

61 1391 179 1454 Horati
215 1389 318 1452 inesse
352 1387 536 1463 ereduntur,
569 1385 736 1448 historiam
771 1386 911 1449 breviter
947 1387 1153 1470 exposuerim,
1186 1387 1239 1452 hio

62 1480 171 1581 pauca.
195 1494 413 1559 tantummodo
439 1493 553 1555 addam
577 1496 673 1574 atque
696 1491 850 1575 pleraque
876 1515 922 1569 ea,
953 1515 1024 1575 quae
1048 1494 1088 1556 ad
1111 1494 1239 1559 hodier-

61 1627 139 1667 num
163 1603 260 1666 huius
284 1599 467 1683 quaestionis
492 1602 611 1661 statum
635 1597 884 1662 collustrandum
906 1600 1100 1682 pertineant.

160 1707 364 1773 ‘Guilielmus
380 1704 554 1768 Teuffelius
570 1704 634 1767 iam
651 1727 698 1768 azo
717 1706 802 1768 1859
820 1705 845 1787 2)
864 1705 941 1768 dixit
957 1705 1135 1769 doctrinam
1151 1707 1240 1771 illam
1327 1713 1331 1722 '

61 1818 102 1880 de
130 1812 431 1897 interpolationibus
460 1811 579 1893 ubique
603 1811 780 1874 statuendis
804 1811 837 1874 in
862 1812 939 1875 artis
963 1812 1082 1876 criticae
1106 1796 1239 1878 historia

61 1923 156 2006 quasi
180 1925 287 1985 aetum
311 1919 469 2002 quendam
493 1918 618 1981 efficere
641 1940 815 1999 numquam
839 1922 926 1982 tanto
952 1942 1024 1983 oum
1047 1921 1184 2004 strepitu
1207 1925 1238 1985 et

60 2029 206 2092 tumultu
230 2031 383 2109 tantaque
407 2025 578 2089 iactatione
602 2024 790 2087 rediturum.
837 2024 916 2090 Haeo
933 2049 1005 2110 spes
1023 2050 1095 2091 eum
1110 2027 1237 2106 fefellit,

60 2159 137 2198 nam
172 2138 245 2219 post
279 2134 312 2196 id
339 2136 465 2215 tempus
494 2135 526 2194 et
550 2131 675 2215 Gruppi
699 2135 730 2195 et
753 2131 869 2195 Lehrsi
893 2137 925 2196 et
949 2132 1083 2198 aliorum
1106 2134 1239 2200 libriin
1334 2121 1337 2125 7

61 2264 176 2305 manus
205 2241 369 2304 hominum
391 2241 556 2303 venerunt.
605 2238 693 2313 Quod
718 2243 825 2302 autem
850 2239 963 2303 deinde
987 2241 1096 2325 pergit
1118 2241 1237 2325 hyper·
1307 2224 1310 2237 Ι

61 2349 249 2413 criticorum
278 2347 439 2430 opiniones
464 2346 518 2408 diu
540 2368 644 2428 neque
668 2367 796 2429 prorsus
820 2347 979 2410 convictas
1002 2369 1106 2432 neque
1129 2348 1237 2412 fundi·

60 2460 114 2518 tus
150 2455 335 2537 repudiatas
370 2475 535 2516 mansuras
571 2475 648 2530 esse,
684 2452 717 2514 id
746 2474 808 2515 non
831 2453 921 2516 modo
945 2456 1015 2516 tum
1037 2455 1238 2519 verissimum

61 2566 142 2639 erat,
172 2562 228 2624 sed
257 2562 353 2624 etiam
381 2565 488 2623 nostro
511 2564 653 2643 tempore
677 2559 772 2622 valet.
819 2559 923 2624 Hodie
947 2583 1072 2644 quoqne
1095 2563 1251 2646 interpo-.

60 2668 199 2732 lationes
226 2668 309 2730 inter
334 2667 459 2731 criticos
483 2666 664 2730 horatianos
687 2670 723 2728 ut
741 2667 906 2748 >quondam
929 2667 1013 2731 inter
1037 2669 1112 2731 deas
1129 2669 1237 2733 Eridis

59 2797 195 2837 aureum
229 2773 307 2836 illud
342 2796 471 2857 pomum
506 2796 601 2837 causa
636 2773 818 2836 oemaminis
855 2777 911 2837 est.
968 2774 1045 2849 Quae
1069 2798 1167 2857 quum
1190 2775 1236 2840 ita

58 2882 136 2956 sint,
173 2881 260 2943 haud
296 2880 435 2943 alienum
470 2880 550 2942 mihi
584 2880 711 2943 videtur
745 2903 803 2963 per
838 2884 940 2943 totum
964 2881 1094 2944 odarum
1117 2882 1236 2946 librum

57 2986 344 3069 interpolationum
371 2987 615 3070 investigatores
639 2987 870 3070 pedetemptim
885 2987 975 3071 sequi
993 2991 1024 3050 et
1041 2989 1230 3066 examinare,

57 3095 256 3177 quibusnam
289 3093 468 3156 rationibus
504 3093 664 3156 atheteses
692 3116 765 3156 suas
796 3095 1061 3158 confirmaverint.
1110 3095 1180 3170 Qua
1203 3096 1236 3158 in

56 3224 93 3264 re
118 3200 270 3284 quoniam
293 3201 454 3276 intestina,
491 3222 561 3283 quae
585 3203 708 3276 vocant,
745 3201 1025 3284 argumentatore
1049 3201 1115 3264 sola
1139 3202 1236 3264 allata

56 3307 259 3370 inveniemus
289 3308 328 3369 ad
353 3307 631 3370 demonstrandum
655 3307 914 3390 interpolationes
938 3330 1012 3371 vere
1037 3309 1157 3385 adesse,
1182 3308 1235 3372 hio

55 3414 236 3490 videa—mus,
271 3405 348 3476 num
386 3437 450 3497 qua
489 3413 523 3475 in
559 3413 703 3476 extrariis
738 3415 832 3477 rebus
867 3415 971 3498 posita
1005 3415 1081 3478 foris
1117 3415 1236 3478 assumi
1305 3442 1308 3448 ·

55 3519 192 3602 possint.

168 3625 280 3689 Keller
314 3626 368 3689 ille
403 3627 533 3708 quidem
569 3627 723 3690 eiusmodi
755 3612 945 3711 argumenta
968 3651 1142 3711 numquam
1167 3650 1234 3691 esse

61 3736 215 3816 prompta
239 3733 318 3795 dixit
332 3732 370 3814 ³).
417 3732 509 3796 Talia
531 3755 604 3797 vero
629 3734 697 3796 sine
721 3734 814 3797 dubio
832 3734 979 3797 habenda
995 3739 1068 3797 sunt
1085 3739 1116 3797 et
1137 3736 1264 3865 verba2
1289 3734 1312 3825 ’,ξ

134 3906 153 3968 ¹)
173 3916 205 3961 In
223 3929 279 3962 ann.
300 3917 355 3962 crit.
376 3917 408 3962 ad
427 3917 461 3963 IV
480 3918 570 3962 Horati
590 3931 665 3963 carm.
686 3917 743 3964 libr.
763 3919 832 3976 pras.

133 3994 153 4058 2)
173 4005 205 4050 In
226 4004 519 4064 „Correspondenzblatt
538 4007 579 4051 fiir
599 4006 639 4051 die
658 4007 706 4064 gel.
726 4007 779 4052 und
797 4003 989 4054 Realsehulen“.

132 4083 152 4147 ³)
172 4092 220 4138 nn.
240 4093 274 4138 n.
297 4095 373 4149 reor,
394 4096 452 4139 211.
