2766 4590
80 393 105 434 se
121 370 303 454 significasse
327 374 414 433 ratus
440 374 487 433 est
510 369 680 432 Horatium
705 368 728 431 h
751 367 888 451 Lydiam
910 367 995 431 inter
1010 389 1079 430 sese
1098 367 1222 430 abalie-

78 481 145 541 natos
165 477 269 540 fuisse
317 476 399 540 Tum
423 499 496 540 vero
521 476 602 539 alter
625 476 740 539 sodalis
765 475 814 538 sui
837 475 980 538 laborem
997 474 1106 537 addita
1119 475 1222 555 prima
1278 561 1282 568 ι

76 584 181 667 stropha
214 606 342 667 pessum
377 584 474 660 dedit,
505 588 541 646 ut
564 584 726 646 videretur
750 605 877 646 carmen
902 583 940 645 ad
964 581 1073 665 Lycen
1095 603 1158 644 non
1182 582 1222 644 ad

10 720 11 724 ¹
74 689 185 773 Lydiam
219 692 374 774 scriptum
399 713 477 767 esse,
504 694 535 754 et
559 691 651 754 odam
675 691 770 773 longe
795 714 813 752 a
837 689 938 773 primo
962 689 1030 752 1000
1054 690 1222 772 abreptam

72 798 107 861 ibi
126 797 293 875 collocavit,
328 798 384 862 ubi
418 798 548 861 minime
573 802 648 880 apta
672 801 730 861 est.
777 797 901 860 Deinde
925 797 1040 860 nebulo
1064 796 1136 872 iste,
1162 818 1222 878 quo

71 904 162 967 melius
185 905 287 968 scelus
317 904 445 981 celaret,
475 905 699 987 compensandi
723 927 818 968 causa
842 927 868 968 c.
893 902 918 967 l:
944 905 985 966 25
1010 904 1110 966 finxit.
1151 902 1221 980 ,Ab

74 1012 257 1089 ,eiusmodi“,
292 1012 397 1094 inquit
433 1010 509 1075 Gru.
544 1012 766 1094 ,antiquarum
794 1011 961 1074 literarum
985 1009 1222 1093 corruptoribus
1313 1054 1316 1069 .

70 1117 136 1180 nihil
168 1123 225 1196 est,
262 1119 345 1202 quod
380 1119 493 1182 timere
527 1141 589 1182 non
616 1118 804 1202 possimus“.
851 1117 1015 1181 Addamus
1038 1116 1120 1179 nihil
1145 1139 1223 1192 esse,

68 1225 135 1306 quod
150 1248 167 1287 a
182 1226 305 1290 talibus
322 1226 527 1309 antiquarum
541 1226 709 1289 literarum
727 1225 845 1289 criticis
863 1228 1030 1308 expectare
1042 1246 1105 1288 uon
1116 1225 1223 1288 liceat.

156 1331 321 1396 Facillime
346 1334 460 1416 cuique
484 1337 617 1415 apparet
641 1332 830 1416 Gruppium,
854 1336 890 1394 ut
912 1331 1110 1416 propositum
1130 1353 1222 1393 suum

66 1443 194 1522 peragat,
220 1462 318 1522 quum
342 1463 361 1502 a
384 1440 475 1504 falsis
499 1443 554 1502 aut
577 1439 691 1502 saltem
715 1439 810 1502 nullis
827 1440 922 1503 certis
939 1439 1066 1503 indiciis
1082 1438 1224 1520 probatis

65 1544 160 1623 initiis,
195 1550 268 1610 tum
299 1547 435 1610 maxime
471 1569 489 1608 a
517 1547 614 1610 meris
639 1547 827 1610 coniecturis
851 1546 1019 1629 proficisci,
1044 1546 1160 1629 quibus
1183 1568 1224 1608 ne

27 1640 30 1645 ⁵
63 1653 180 1716 minima
204 1654 334 1736 quidem
361 1654 409 1717 vis
432 1654 532 1717 tribui
561 1655 669 1736 possit.
716 1653 959 1717 Recentioribus
982 1652 1099 1715 Horati
1122 1653 1226 1716 inter·

62 1761 195 1841 pratibus
229 1764 341 1823 notum
364 1765 396 1823 et
419 1764 623 1844 perspectum
648 1764 695 1823 est
719 1783 754 1824 ex
779 1760 905 1824 11011011
928 1759 1044 1823 Horati
1073 1760 1222 1823 carmini-

61 1865 112 1929 bus
133 1867 200 1930 fere
223 1866 306 1930 nihil
329 1890 384 1930 nos
409 1869 447 1931 de
471 1868 609 1951 propriis
634 1868 700 1931 eius
725 1861 884 1931 umbribus
909 1866 1095 1930 concludere
1120 1889 1221 1949 posse.

10 2012 13 2025 ι
58 1971 96 2036 Et
127 1974 270 2037 homines
307 1977 338 2037 et
372 1975 499 2037 nomina
533 1975 609 2038 ficta
636 1975 806 2037 maximam
833 1978 959 2057 partem
982 1974 1108 2056 sunt1).
1156 1972 1225 2036 lam

59 2079 231 2163 Glyceram.
267 2081 332 2144 iarn
366 2081 512 2164 Lydiam,
541 2081 606 2144 iani
630 2080 759 2157 Chloen,
784 2081 848 2144 iam
872 2081 951 2144 alias
976 2080 1115 2144 carmine
1140 2080 1226 2144 cele·

56 2186 166 2264 brevit,
204 2191 301 2270 atque
330 2187 441 2271 Priapi
470 2187 649 2251 simillimus
673 2189 834 2271 putandus
858 2192 937 2264 erat,
962 2189 989 2250 si
1013 2188 1096 2251 sario
1120 2210 1226 2251 amore

55 2292 199 2358 incensus
236 2295 377 2358 carmina
411 2295 467 2358 illa
503 2295 658 2358 amatoria
689 2296 728 2358 ad
751 2295 903 2378 pulchras
927 2294 1049 2378 puellas
1072 2316 1226 2377 puerosve

52 2402 198 2465 misisset.
247 2401 336 2476 Quod
360 2402 387 2464 si
410 2402 486 2465 ficta
509 2406 583 2464 sunt
599 2407 631 2466 et
645 2402 773 2467 nomina
790 2406 821 2465 et
837 2402 990 2477 homines,
1004 2423 1132 2465 carmen
1149 2405 1223 2464 ante

53 2509 177 2572 domum
212 2509 296 2572 fictae
320 2509 422 2592 Lycas
445 2513 540 2573 noctu
565 2510 742 2574 canendum
770 2510 909 2591 perbene
937 2512 1009 2591 post
1033 2515 1160 2572 carmen
1186 2509 1227 2571 ad

52 2615 160 2679 fictam
195 2612 331 2699 Lydiam
366 2617 521 2698 scriptnm
556 2616 709 2680 collocare
744 2615 859 2699 potuit.
907 2615 1033 2679 Deinde
1054 2638 1151 2698 quum
1176 2616 1236 2678 div

53 2723 274 2787 citHoratius
297 2745 331 2786 se
354 2727 429 2786 ante
452 2723 550 2786 limen
574 2724 676 2806 Lycas
700 2723 843 2807 fatigari,
880 2723 955 2785 dum
979 2722 1132 2805 Juppiter
1150 2723 1227 2785 duro

52 2829 93 2910 (si
133 2829 297 2912 sequimur
337 2830 465 2893 Bentlei
499 2831 568 2894 veri
602 2830 799 2894 simillimam
834 2829 1062 2910 coniecturam)
1097 2829 1226 2892 numine

52 2937 172 3020 glaciet
195 2936 294 3012 nives,
320 2938 378 3000 hoc
403 2959 493 3019 aeque
516 2936 584 3000 fere
608 2937 688 3000 serio
706 2937 827 3000 dictum
844 2941 902 3013 est,
920 2960 956 3001 ao
973 2959 1071 3020 quum
1086 2935 1226 3018 loquitur

52 3043 91 3106 de
125 3041 215 3106 rnille
250 3042 440 3125 puellarum,
475 3065 645 3126 puerorum
679 3044 767 3107 mille
796 3044 966 3107 furoribus.
1013 3042 1169 3107 Veritatis
1194 3046 1230 3106 11Ι

52 3148 342 3213 verisimilitudinis
377 3150 456 3213 fines
492 3171 598 3213 omnes
628 3151 767 3213 omnium
791 3154 970 3232 temporum
993 3154 1095 3233 poetae
1120 3172 1226 3213 exces-

52 3259 173 3332 serunt,
199 3256 265 3319 sive
288 3279 378 3320 veros
402 3255 469 3319 sive
492 3257 582 3320 fictos
605 3257 748 3320 homines
772 3260 868 3320 cantu
892 3280 946 3320 suo
968 3257 1126 3339 prosecuti
1143 3259 1238 3336 sunt.

53 3363 112 3439 Ea,
137 3385 209 3446 quae
234 3362 311 3426 Gru.
337 3363 375 3425 de
400 3366 471 3426 ortu
488 3363 740 3446 corruptelarum
757 3363 902 3439 coniecit,
923 3364 956 3425 in
969 3363 1098 3425 umbras
1110 3383 1225 3425 vanas-

54 3491 116 3552 que
140 3469 298 3552 imagines
322 3473 396 3532 sunt
419 3469 603 3553 releganda.

161 3575 310 3658 Denique
345 3575 626 3639 animadvertimus
662 3575 841 3659 Gruppium
876 3575 909 3637 in
943 3575 1055 3638 ultimo
1089 3575 1231 3657 capitulo

53 3682 120 3745 iam
145 3686 386 3746 commemorato
411 3682 516 3745 subito
540 3683 637 3745 etiam
661 3683 802 3746 carmina
826 3681 851 3745 l:
877 3682 896 3745 8
922 3685 953 3744 et
975 3679 1225 3763 1131111101-

55 3789 180 3852 cionem
215 3789 370 3852 acerrime
406 3811 528 3852 vocare.
569 3787 650 3852 Tum
675 3811 691 3851 e
716 3793 866 3872 quattuor
889 3785 953 3851 illis
978 3788 1045 3850 odis
1067 3786 1093 3851 l:
1119 3789 1149 3864 8,
1176 3788 1228 3865 13,

55 3893 192 3971 25,‘H1:
219 3897 249 3974 9,
286 3917 421 3976 quarum
457 3895 644 3959 artificiosus
680 3896 753 3959 ordo
788 3895 950 3979 propriam
973 3899 1075 3978 poetae
1098 3916 1229 3958 manum

170 4139 187 4202 ¹)
206 4148 271 4193 Vide
290 4149 399 4207 exempli
418 4162 495 4194 carrea
513 4150 542 4196 L.
562 4149 677 4195 Mueller.
701 4149 863 4195 Literarhist.
877 4149 962 4207 Biogr.
976 4162 1052 4208 pagg.
1069 4152 1218 4196 raa-130.
