2804 4582
609 215 783 277 „31-

109 415 169 457 nus
193 391 313 456 reicere
337 391 424 464 velit.
450 392 479 455 ei
502 392 654 455 nimirum
676 391 762 456 licet.
810 391 1034 466 Quumautem
1047 394 1282 477 argumentatio

109 501 222 584 visque
245 499 442 583 probationis
465 501 533 561 tam
560 521 674 563 manca
697 500 739 563 sit
763 503 872 564 contra
895 500 1059 584 stropham
1084 523 1102 562 a
1125 506 1283 584 praestan-

109 608 243 671 tissimis
266 607 437 690 philologis
461 606 623 683 reiectam,
647 606 899 692 intellegendum
924 611 981 685 est,
1005 630 1102 691 quam
1124 608 1283 692 periculo·

110 737 181 777 sum
206 719 237 778 et
260 713 391 797 plenum
415 713 484 777 alea
508 713 549 776 sit
574 736 645 777 cunr
668 714 892 798 hypercriticis
916 715 1083 778 audaciam
1097 737 1135 779 01
1148 715 1282 778 audacia

111 821 207 906 gigni
240 822 344 885 sinere
380 821 457 884 adeo
481 826 526 898 ut,
552 843 650 904 quum
673 821 750 905 quid
774 822 890 886 cortice
913 821 1085 886 levioribus
1108 821 1285 886 rationibus

112 929 179 992 nixi
214 929 473 1013 repudiaverunt,
508 950 570 993 non
604 929 695 992 modo
733 950 795 992 non
834 928 1149 1012 circumspectionem
1187 929 1286 992 animi

112 1039 265 1119 augeant,
290 1036 345 1099 sed
370 1036 466 1099 etiam
489 1035 609 1099 maiore
633 1059 704 1100 cum
727 1035 845 1099 fiducia
858 1034 921 1099 alia
933 1036 1174 1120 aggrediantur.
1221 1035 1284 1099 Ta-

111 1143 177 1207 lem
201 1143 346 1206 criticam
368 1143 524 1206 rationem
552 1143 744 1226 quicumque
772 1144 927 1227 sequitur,
951 1143 1120 1228 paullatim
1144 1142 1184 1205 ad
1208 1164 1286 1206 eun·
1313 1210 1317 1233 Ι

113 1251 235 1314 demt
203 1254 235 1313 at
238 1272 298 1333 que
316 1249 478 1333 Gruppius
495 1250 558 1314 exit
559 1272 613 1312 um
630 1250 717 1314 ducit
703 1254 765 1314 tur.
807 1249 913 1314 Primo
930 1273 1033 1334 pauca
1044 1249 1147 1326 reicit,
1160 1253 1286 1333 postre-

112 1379 175 1422 mo.
210 1357 237 1420 si
260 1357 327 1422 vita
350 1357 497 1440 viresque
521 1360 695 1441 suppetunt
681 1356 944 1434 tertadaman
944 1357 1069 1432 hum.t
1055 1360 1119 1420 tter
1120 1355 1187 1419 ium
1210 1354 1285 1419 Orci

113 1464 263 1540 iudicem,
300 1468 481 1528 constanter
516 1464 620 1528 omnia
656 1406 863 1528 coirdamnent
850 1468 915 1527 tem
943 1464 1051 1540 faciat,
1028 1467 1204 1527 tnecesse
1229 1468 1287 1527 est.

115 1569 242 1635 Severae
253 1621 255 1625 .
265 1571 397 1635 institiae
421 1571 468 1634 nil
483 1571 612 1655 probari
624 1575 738 1655 potest.
785 1569 849 1634 Res
862 1571 902 1633 ad
914 1570 1135 1635 Hardovinum
1148 1570 1285 1634 devenit.

177 1667 180 1673 ’
222 1676 317 1741 Nunc
340 1678 450 1761 paucis
475 1700 512 1741 ea
536 1700 826 1754 commemoramus,
851 1699 922 1760 quae
945 1677 1065 1761 singuli
1089 1677 1192 1741 critici
1208 1698 1286 1760 spu-

115 1785 165 1848 ria
190 1807 257 1848 esse
281 1789 406 1868 putant.
442 1783 563 1848 Peerlc.
588 1789 707 1868 praeter
729 1784 894 1867 stropham
917 1783 982 1846 11111
1004 1784 1167 1846 laudatam
1191 1783 1289 1847 etiam

116 1891 282 1975 propulsat
317 1915 367 1955 11.
403 1893 489 1956 3-6
524 1890 612 1954 nulla
641 1890 1040 1973 aliarationenisiquod
1064 1890 1285 1953 1110001101-

117 1998 236 2062 tiarum
270 1999 382 2063 damno
419 1999 503 2062 demi
537 2002 669 2082 possunt
686 1998 711 2080 ¹)
747 2002 844 2081 atqua
882 2001 1076 2081 postremam
1114 1996 1288 2080 stropham,

117 2109 154 2167 ut
177 2109 251 2168 ante
276 2127 348 2169 eum
365 2104 508 2183 Guietus,
533 2109 604 2188 post
621 2127 693 2168 eum
708 2103 899 2182 Meinekius,
916 2103 1046 2181 Linker,
1065 2103 1119 2167 alii
1135 2103 1289 2167 fecerunt.

117 2209 270 2274 Lchrsius
293 2216 412 2295 praeter
434 2212 579 2295 quintam
602 2212 766 2295 stropham
790 2213 888 2275 etiam
910 2212 1080 2295 septimam
1103 2214 1289 2287 summovet,

119 2339 183 2400 qua
206 2341 240 2382 10
265 2319 406 2382 effecisse
430 2319 492 2383 sibi
514 2319 651 2396 videtur,
675 2323 711 2382 ut
735 2319 884 2383 carminis
900 2321 1008 2402 partas
1024 2318 1109 2381 inter
1124 2340 1158 2381 sc
1173 2317 1289 2380 melius

120 2424 326 2502 cohaererent,
363 2427 446 2508 quod
474 2430 582 2489 tamen
604 2447 733 2509 prorsus
758 2430 805 2490 est
828 2447 1109 2509 supervacaneum,
1134 2424 1290 2488 11001110-

119 2532 267 2609 rentiam
291 2533 386 2596 sicuti
409 2555 465 2596 nos
488 2533 553 2595 iam
576 2532 719 2610 fecimus,
745 2533 948 2616 explicamus.

228 2638 439 2722 Gruppiust
425 2640 527 2703 tribus
557 2639 690 2704 diversis
713 2641 814 2704 modis
838 2662 967 2704 carmen
989 2642 1073 2703 ttrac
1075 2639 1150 2702 avit.
1198 2637 1291 2722 a)ln

120 2745 237 2809 Minois
260 2746 341 2810 libro
365 2768 440 2831 pag
466 2747 507 2810 55
533 2747 677 2829 quintam
700 2746 979 2830 solamtstropham
994 2746 1153 2829 repudiat,
1178 2745 1293 2828 b)1bm

120 2874 196 2936 pag.
235 2854 298 2917 144
333 2877 402 2937 sqq.
439 2854 537 2917 etiarn
561 2876 632 2917 cum
655 2852 873 2943 Peerlcampio
896 2877 947 2917 11.
972 2854 1059 2916 4-6
1084 2856 1116 2915 et
1140 2874 1212 2916 curn
1235 2851 1290 2915 Fr.

121 2959 283 3023 Ellendtio
307 2961 521 3044 praaultimanr
545 2960 708 3044 stropham
732 2960 816 3024 eicit.
863 2958 1021 3023 Ultimam
1037 2980 1110 3023 1010
1127 2957 1291 3042 stropham

123 3070 232 3130 contra
255 3066 445 3132 Peerlcimm
470 3068 559 3142 enixa
576 3067 728 3131 defendit.
768 3066 911 3145 ,Tales“,
928 3067 1043 3150 inquit,
1061 3086 1293 3144 ,1011101111-

123 3197 219 3257 quam
243 3174 407 3238 fraudator
430 3175 517 3239 fecit.
575 3173 688 3237 Insunt
711 3175 795 3237 nitor
819 3178 850 3237 et
874 3174 941 3237 soni
964 3173 1075 3236 molles
1099 3176 1130 3235 et
1155 3172 1294 3248 delicati,

124 3280 179 3362 qui
213 3281 334 3344 nemini
369 3281 578 3364 grammatico
612 3281 842 3345 ascribentur“.
889 3279 1001 3344 Porro:
1032 3278 1218 3358 ,Proinde¹‘,
1242 3279 1293 3341 in-

124 3387 204 3470 quit,
245 3388 315 3465 ,hic
350 3387 499 3451 carminis
522 3388 681 3451 horatiani
704 3388 777 3451 finis
800 3387 939 3451 molliter
963 3391 995 3450 ct
1018 3387 1158 3450 suaviter
1181 3407 1295 3448 sonans

125 3498 338 3571 conservetur,
363 3494 454 3577 quasi
477 3494 545 3571 flos,
575 3517 669 3577 quem
698 3495 736 3558 de
760 3516 875 3558 corona
897 3497 1000 3578 poetae
1023 3516 1063 3558 ue
1088 3492 1294 3556 detraxeris“.

125 3599 247 3675 Quibus
270 3600 376 3665 verbis
401 3601 549 3684 equidem
570 3601 722 3665 facillime
747 3601 910 3665 assentior.
957 3600 1030 3664 Non
1053 3604 1161 3663 tamen
1184 3598 1294 3683 prohi-

125 3707 213 3784 bent,
238 3707 404 3791 quominus
429 3707 459 3790 c)
483 3707 610 3771 Aeacus
633 3729 708 3793 pag.
734 3709 796 3771 437
823 3730 892 3790 sqq.
916 3711 1018 3770 totum
1042 3729 1180 3783 carmen,
1200 3705 1297 3769 etiam

126 3814 273 3879 ultimam
296 3815 469 3897 stropham,
494 3815 616 3879 reiciat.
652 3815 779 3903 Aeacus
802 3836 841 3877 ne
866 3814 1049 3897 aprimario
1063 3813 1192 3898 quidem
1207 3812 1296 3875 frau-

128 3920 237 3984 datore
273 3921 436 4004 stropham
472 3922 625 4005 scriptam
660 3943 727 3985 esse
756 3924 859 4004 putat,
885 3942 981 4002 quam
1003 3920 1123 3984 nemini
1146 3941 1298 4002 umquam

127 4026 336 4112 grammatico
360 4027 516 4091 tributum
539 4027 580 4091 iri
604 4026 708 4091 Minos
732 4027 957 4091 affirmaverat.

163 4183 165 4188 ·
239 4167 256 4230 ¹)
275 4177 340 4223 viae
359 4177 477 4222 achaeus
496 4189 552 4223 ann.
