2766 4590
599 168 772 230 ,38-

100 348 234 423 Charis,
269 347 357 412 Serv.
394 348 728 411 commemoraverunt.
775 344 848 409 Non
872 344 964 408 decet
988 367 1040 408 eos
1063 345 1190 421 habere,
1211 337 1277 427 qui

101 455 213 519 alienae
248 455 417 539 pravitatis
452 476 568 537 poenas
598 453 683 528 dent,
713 456 745 515 et
768 453 1003 516 concedendum
1027 456 1085 531 est,
1109 453 1143 516 in
1163 454 1277 539 lyricis

100 562 215 626 Horati
238 562 382 626 nonnihil
405 562 525 646 frigere
551 566 582 624 et
605 560 746 623 ieiunum
771 581 838 623 esse
857 560 892 643 1).

617 1009 760 1109 XVI.

193 1238 287 1302 ‘Haec
323 1239 379 1302 ode
416 1238 565 1301 orationis
601 1237 740 1320 quadam
773 1236 944 1299 latitudine
979 1237 1270 1320 sententiarumque

101 1346 273 1409 earundem
302 1345 491 1428 repetitione
519 1324 696 1428 paullulum
723 1343 857 1419 laborat,
883 1343 966 1425 quod
993 1346 1102 1407 tamen
1117 1366 1179 1406 non
1195 1345 1268 1406 adeo

101 1452 270 1515 molestum
305 1454 363 1515 est.
411 1451 560 1515 Ceterum
596 1451 709 1514 eximia
744 1454 792 1512 est
827 1454 859 1512 et
893 1471 1047 1533 magnum
1072 1454 1270 1534 erectumque

101 1559 264 1642 scriptoris
300 1559 441 1621 animum
469 1559 639 1642 significat.
692 1556 892 1638 Quamquam
915 1557 1084 1620 sententiae
1107 1558 1271 1620 maximam

100 1669 227 1748 partem
261 1665 408 1749 volgares
444 1669 476 1729 et
511 1687 691 1729 communes
716 1666 799 1740 sunt,
835 1668 943 1726 tamen
968 1686 984 1726 e
1009 1664 1123 1746 quinta
1147 1665 1271 1749 stropha

101 1794 257 1855 apparere
281 1773 417 1848 videtur,
443 1795 495 1835 eas
520 1773 560 1835 ad
584 1775 705 1836 certam
727 1792 796 1833 rem
819 1774 974 1853 spectare,
999 1771 1084 1853 quod
1107 1772 1135 1834 si
1157 1772 1202 1836 ita
1217 1774 1271 1845 est,

101 1877 188 1941 haud
224 1879 318 1942 dubie
354 1879 491 1962 repulsa,
527 1882 563 1941 ut
591 1876 815 1942 Grotefendius
842 1877 964 1960 primus
992 1877 1083 1954 vidit,
1107 1878 1271 1951 indicatur,

102 2007 199 2067 quam
222 1985 297 2048 tulit
320 1985 497 2070 Augustus,
522 2008 621 2069 quum
643 1984 777 2047 Horatio
802 1982 1008 2067 epistolarum
1030 1984 1169 2048 officium
1185 1985 1272 2048 obtu-

101 2090 201 2154 lisset.
249 2092 413 2155 Eiusmodi
448 2092 610 2175 repulsam
643 2091 729 2154 illius
764 2090 916 2173 temporis
944 2091 1066 2153 romani
1089 2091 1274 2176 intellegere

100 2219 163 2259 non
186 2201 343 2281 poterant,
367 2222 442 2262 nam
465 2199 688 2262 stultissimum
712 2219 779 2260 esse
797 2198 955 2281 putabant
970 2196 1051 2259 illud
1067 2200 1134 2260 tam
1151 2198 1274 2282 insigne

100 2306 232 2387 tamque
256 2310 470 2388 quaestuosum
493 2328 608 2368 munus
625 2305 800 2388 deprecari.
841 2304 994 2367 Horatius
1010 2303 1044 2366 in
1060 2303 1121 2368 hoc
1138 2304 1276 2368 carmine

101 2409 272 2474 Maecenati
307 2412 408 2476 amico
443 2417 475 2476 et
509 2412 626 2476 fautori
655 2412 792 2495 repulsae
816 2411 972 2474 rationem
995 2410 1147 2478 reddidit.
1194 2408 1277 2486 Quid

100 2539 219 2601 magna
246 2518 416 2583 multitudo
440 2521 583 2597 sentiret,
613 2543 675 2582 non
699 2520 842 2583 curabat.
894 2517 1044 2596 „Divitiae
1068 2518 1172 2581 multa
1193 2518 1277 2581 mala

102 2646 258 2706 curasque
281 2626 397 2689 multas
422 2627 569 2703 afferunt,
594 2648 692 2709 quare
715 2648 838 2709 pauper
862 2625 917 2688 sed
932 2624 1015 2687 liber
1032 2625 1193 2687 arbitratu
1208 2647 1274 2688 meo

102 2732 210 2795 vivere
226 2733 320 2810 malo,
343 2738 374 2797 et
390 2735 513 2797 beatior
529 2756 608 2810 sum,
626 2755 722 2816 quam
738 2732 765 2795 si
780 2732 954 2797 multarum
970 2727 1130 2794 terrarum
1146 2731 1273 2814 imperi·

101 2861 156 2901 um
174 2840 359 2903 obtinerem.
406 2839 440 2903 Si
464 2841 588 2923 quando
612 2839 785 2902 necessitas
806 2861 857 2901 me
873 2838 1013 2922 urgebit,
1038 2841 1074 2900 tu
1090 2837 1172 2900 mihi
1190 2860 1276 2922 opem

102 2945 215 3009 feres.“
266 2946 322 3009 En·
334 2947 465 3030 simplex
483 2946 632 3011 carminis
649 2950 884 3030 argumentum,
909 2945 992 3027 quod
1008 2947 1177 3027 poetarum
1193 2966 1276 3008 more

103 3057 251 3116 ornatum
267 3057 299 3116 et
316 3055 466 3137 exemplis
483 3055 674 3118 instructum
692 3056 749 3117 est.
789 3052 925 3116 Carmen
942 3073 1009 3115 esse
1026 3073 1217 3135 germanum
1232 3052 1277 3116 vis

102 3157 226 3242 ingenii
261 3183 335 3224 vere
362 3160 523 3224 horatiani
548 3165 579 3225 et
604 3160 751 3224 orationis
776 3159 860 3223 color
883 3158 1077 3242 significant.
1124 3156 1277 3222 Videmus

103 3265 189 3328 enim
225 3268 455 3331 commoditatis
491 3272 522 3332 et
558 3268 614 3331 otii
638 3267 856 3350 cupiditatem,
880 3265 976 3328 nullis
999 3265 1118 3328 finibus
1142 3265 1277 3329 circum·

103 3373 232 3456 scriptae
266 3373 426 3437 libertatis
462 3397 610 3452 amorem,
646 3374 708 3437 sibi
736 3373 898 3459 musisque
922 3372 1051 3435 vivendi
1075 3372 1277 3449 desiderium,

103 3501 176 3561 quae
201 3480 305 3543 omnia
328 3480 443 3544 Horati
466 3481 595 3565 propria
620 3484 711 3544 erant
740 3481 763 3564 ).

216 3654 232 3717 ¹)
251 3664 316 3709 Vide
336 3665 441 3710 Teuffel.
461 3665 544 3711 Ucber
562 3666 655 3720 Horaz,
674 3678 732 3724 pag.
755 3665 795 3710 14:
815 3664 868 3710 Wir
882 3663 967 3708 finden
979 3663 1175 3718 Nuehternhen,
1196 3664 1277 3719 Frost

104 3753 255 3810 prosaische
273 3753 447 3812 Wendungen,
466 3754 698 3812 Masslosigkeiten,
718 3754 759 3798 bei
779 3753 859 3799 denen
877 3753 922 3798 wir
942 3753 979 3797 oft
999 3766 1076 3810 sogar
1095 3752 1141 3797 des
1160 3753 1277 3799 Dichter}

106 3840 239 3898 sonstigen
267 3843 346 3899 guten
375 3843 533 3889 Geschmack
551 3844 699 3898 vermisseu,
720 3842 1027 3899 Selbstwiederholungen
1046 3843 1093 3887 etc.
1132 3841 1184 3888 Ofr.
1205 3843 1277 3888 etiam

104 3927 134 3974 L.
154 3929 269 3976 Mueller.
307 3931 393 3989 Biogr.
416 3933 562 3978 llo—132.

216 4009 233 4073 ⁹)
262 4021 312 4066 011.
341 4022 378 4067 W.
408 4022 432 4067 S.
457 4022 561 4067 Teuffel.
590 4021 753 4068 Litararhist.
776 4021 936 4076 Uebersicht,
961 4034 1021 4079 pgg.
1044 4021 1085 4076 14,
1108 4021 1149 4076 15,
1171 4021 1277 4068 Oswald

105 4108 200 4168 Leben,
219 4111 355 4157 character
373 4111 426 4156 und
444 4111 610 4170 Philosophie
630 4110 675 4156 des
693 4112 786 4165 Horaz,
805 4124 865 4169 pgg.
887 4112 918 4157 76
940 4124 978 4168 sq.
994 4111 1117 4169 aliosque.
