2766 4590
619 223 726 285 „73
751 259 792 267 .-

116 400 233 464 eortiee
269 405 343 463 sunt
377 400 506 464 leviora.
570 399 688 478 „Nimii
723 403 829 476 sunt¹‘‚
865 400 979 482 inquit,
1014 405 1096 478 „tres
1126 422 1235 464 versus
1259 401 1292 463 in

117 507 207 570 brevi
246 506 385 570 carmine
422 508 461 569 ad
489 506 569 569 illud
592 507 849 590 significandum,
874 507 929 569 ubi
953 512 1046 569 natus
1070 511 1172 570 sum“.
1219 506 1294 571 Non

115 617 223 676 tamen
259 613 318 676 hoe
354 612 454 676 solum
490 613 747 677 commemoravit
770 612 860 689 Hor„
896 613 951 676 sed
980 615 1070 685 sein
1095 614 1184 676 arida
1207 618 1294 676 terra

116 719 197 783 inter
229 742 388 802 pauperes
413 724 445 807 et
469 724 612 804 agrestes
640 720 783 783 homines
807 724 918 782 natum
942 724 1065 782 tantam
1088 720 1182 783 famae
1208 720 1292 783 eele-

115 827 268 890 britatem
293 831 512 890 assecuturum
537 850 615 904 esse,
640 831 675 890 ut
698 849 812 890 nomen
837 850 928 889 suurn
951 827 1035 889 inter
1060 848 1166 889 onmes
1191 826 1292 889 omni-

116 957 167 996 um
203 938 383 1016 temporum
413 934 553 997 eruditas
577 938 690 1017 gentes
714 938 823 997 notum
846 933 990 996 futurum
1015 937 1107 996 esset.
1155 932 1225 995 Hoo
1254 933 1294 996 ad

114 1040 266 1103 carminis
303 1044 527 1124 argumentum
563 1040 681 1122 optime
717 1041 863 1122 quadrat.
915 1039 1036 1104 Peerlo.
1067 1040 1164 1103 etiam
1189 1039 1293 1103 eredit

115 1145 266 1209 Daunum
289 1169 352 1209 non
379 1147 519 1230 potuisse
544 1147 700 1230 appellari
717 1169 808 1229 aquae
825 1169 1009 1230 pauperem,
1035 1169 1134 1229 quum
1156 1145 1293 1209 Aufidus

117 1276 171 1335 per
208 1254 330 1316 terram
366 1254 433 1317 eius
454 1254 593 1318 'flueret
651 1253 714 1317 Sed
738 1254 883 1336 quamvis
907 1275 1042 1336 magnus
1066 1253 1165 1316 fuerit
1189 1253 1291 1316 amnis

117 1360 262 1435 Aufidus,
303 1364 411 1423 tamen
441 1361 561 1444 Apulia
585 1384 619 1424 re
643 1384 718 1424 vera
743 1365 790 1423 est
814 1369 900 1423 terra
924 1361 1023 1435 arida,
1049 1361 1137 1423 ouius
1160 1361 1208 1423 rei
1231 1360 1295 1423 iam

117 1466 234 1550 Porph.
260 1467 455 1530 mentionem
478 1468 569 1531 feeit:
592 1490 715 1551 praepar
738 1489 828 1551 ripaue
852 1468 978 1548 (licitae,
1003 1469 1079 1551 piria
1107 1468 1229 1550 Apulia
1252 1468 1294 1529 si-

114 1575 247 1637 ticulosa
282 1581 325 1637 est
359 1575 393 1637 ob
428 1577 541 1637 rriruios
564 1575 690 1650 ractores,
727 1579 758 1637 et
794 1573 871 1637 Hor.
907 1574 976 1657 ipse
1001 1573 1061 1636 alio
1085 1573 1162 1649 loce,
1188 1573 1290 1656 Epod.

116 1682 204 1757 3,17;
246 1703 321 1758 „neo
356 1683 497 1757 tantus“‚
533 1680 646 1762 inquit,
688 1703 856 1763 „umquam
891 1681 1030 1743 siderum
1055 1680 1172 1742 insedit
1195 1703 1295 1762 vapor

115 1787 284 1850 siticulosae
308 1785 465 1870 Apuliae.“
517 1788 663 1870 Denique
687 1786 808 1850 Peerle.
833 1791 926 1869 putat
949 1809 1012 1849 non
1034 1809 1126 1869 posse
1152 1786 1213 1850 diei
1232 1808 1292 1869 po-

111 1895 263 1981 pataram
285 1917 342 1976 pro
366 1894 536 1970 homiuum,
565 1894 620 1956 sed
644 1898 730 1957 reete
754 1893 940 1957 Schuetzius
965 1893 1191 1956 animadvertit
1216 1915 1292 1955 ean-

115 2001 184 2064 dem
212 2001 251 2063 ob
277 2023 405 2064 oausam
429 2002 513 2084 apud
537 2000 712 2063 Homerum
742 2000 860 2083 ubique
877 2000 1110 2083 repudiandum
1127 2022 1195 2063 esse
1214 1999 1295 2061 illud

115 2107 208 2170 λαῶν.
375 2102 378 2107 ’

222 2212 334 2276 Nihilo
370 2213 472 2276 secius
508 2213 678 2277 difficultas
713 2214 763 2276 his
798 2202 943 2277 versibus
978 2235 1052 2276 vere
1076 2213 1169 2289 inest,
1195 2235 1295 2294 quam

114 2320 281 2404 Gruppius
317 2320 437 2403 primus
473 2321 604 2398 invenit,
640 2321 671 2383 id
708 2321 792 2403 quod
820 2320 1015 2383 laudandum
1039 2324 1096 2396 est,
1121 2341 1195 2381 nam
1219 2318 1295 2381 talis

112 2432 173 2504 est,
210 2430 248 2488 ut
284 2449 354 2490 eam
393 2427 518 2490 silentio
544 2427 709 2509 praeterire
733 2449 794 2490 non
818 2426 924 2489 liceat.
977 2426 1094 2504 „Dioar
1118 2426 1150 2487 in
1175 2425 1295 2508 Apulia

111 2558 150 2598 ex
188 2534 305 2596 humili
341 2539 451 2616 potens
481 2534 606 2597 aeolium
630 2556 759 2597 carmen
783 2534 822 2596 ad
846 2533 938 2595 italos
963 2533 1069 2595 modos
1094 2532 1288 2595 deduxisse.“

62 2698 64 2713 ,
112 2642 178 2706 Hie
205 2640 284 2704 Hor.
310 2645 364 2703 aut
389 2642 467 2704 dicit
490 2663 523 2703 se
547 2641 580 2703 in
605 2641 724 2723 Apulia
747 2644 910 2724 potentem
934 2640 1055 2703 factum
1079 2661 1157 2715 esse,
1183 2643 1238 2701 aut
1261 2661 1294 2701 se

107 2751 145 2812 in
171 2747 296 2830 Apulia
322 2747 461 2810 earmina
485 2770 542 2810 sua
566 2747 730 2830 scripsisse
749 2747 774 2829 ¹)
824 2747 986 2809 Neutrum
1009 2769 1120 2810 verum
1145 2750 1201 2808 est.
1249 2744 1295 2807 Ut

105 2877 249 2920 ¹carmen
285 2855 460 2938 corrigeret
496 2854 550 2918 Gr.
587 2877 636 2917 vv.
663 2856 693 2930 2,
721 2855 850 2917 10—16
876 2853 1004 2929 delevit,
1029 2852 1162 2915 retinuit
1186 2875 1236 2915 vv.
1264 2852 1293 2927 1,

102 2963 215 3026 -3—9.
262 2959 312 3023 lta
349 2961 446 3023 etiam
477 2961 614 3024 demitur
638 2984 667 3024 v.
693 2962 723 3037 2,
748 2961 782 3023 in
806 2982 867 3043 quo
893 2964 940 3022 est
964 2982 1021 3023 vox
1044 2962 1118 3035 sita,
1143 2959 1181 3020 de
1205 2957 1294 3021 ouius

104 3068 353 3154 significatione
377 3068 569 3150 interpretes
594 3067 772 3151 ambigunt,
798 3071 829 3130 et
852 3070 975 3129 restant
998 3067 1068 3129 duae
1088 3065 1192 3148 plenae
1211 3069 1293 3127 stro-

102 3176 200 3260 phae,
230 3197 366 3257 quarum
388 3178 524 3257 utraque
549 3174 726 3237 absolutam
750 3178 782 3237 et
805 3174 974 3236 rotundam
997 3172 1190 3234 sententiam
1215 3194 1289 3235 oon-

105 3284 210 3359 tinet,
248 3285 343 3364 atque
368 3282 604 3345 concedendum
628 3285 676 3344 est
699 3281 783 3344 hune
808 3279 934 3363 Gruppi
958 3282 1106 3342 conatum
1129 3278 1213 3341 inter
1238 3300 1294 3360 op-

105 3392 211 3454 timos
237 3389 276 3450 ab
302 3410 336 3451 eo
361 3388 461 3451 factos
485 3388 669 3450 habendum
687 3410 764 3450 esse.
811 3385 951 3449 Protulit
967 3389 1074 3448 irritem
1091 3407 1163 3448 eum
1179 3384 1294 3461 Minoe,

102 3497 169 3582 qui
195 3495 461 3578 quemadmodum
484 3494 584 3557 maior
608 3499 656 3557 est
678 3498 765 3570 nata,
790 3494 835 3556 ita
860 3493 966 3568 etiam,
990 3496 1027 3554 ut
1043 3493 1144 3568 decet,
1161 3513 1288 3574 semper

101 3605 183 3668 fere
208 3602 400 3664 moderatior
424 3624 460 3664 ae
483 3601 670 3684 prudentior
695 3605 742 3663 est
766 3622 861 3682 quam
884 3598 1020 3662 Aeaeus.
1068 3598 1215 3661 Prienius
1240 3620 1292 3662 eo-

102 3711 191 3775 dem
214 3707 282 3770 fere
306 3712 449 3790 tempore
474 3708 507 3768 in
532 3708 665 3770 eandem
689 3706 915 3790 cogitationem
938 3705 1053 3768 incidit
1083 3706 1105 3788 ).

106 3887 412 3899 ’,θ---α--ω
422 3888 427 3892 .

233 3971 250 4034 ¹)
270 3981 326 4027 Nisi
345 3981 403 4037 quis
423 3993 480 4024 eum
499 3979 582 4024 Bentl.
602 3980 678 4037 putat·
697 3979 774 4024 verba
794 3989 826 4023 aa
844 3973 943 4023 hamat
956 3979 1052 4039 potens
1072 3978 1103 4023 de
1122 3979 1213 4024 Dauno
1227 3978 1296 4024 dieta

104 4087 185 4126 esse,
206 4070 276 4128 quad
295 4072 379 4114 tamen
400 4069 463 4114 satis
482 4069 597 4120 ieiunum
616 4081 673 4114 esse
691 4068 800 4114 videtur.

232 4149 250 4212 ἢ
272 4160 305 4204 Μ.
325 4159 371 4204 nh.
395 4158 461 4203 1358
480 4172 523 4216 pg.
545 4159 603 4203 340.
