2766 4590
601 211 776 272 ,40-

207 390 329 474 Magna
363 389 419 453 illa
454 389 742 473 hypercriticorum
777 388 934 452 discordia
969 388 1048 451 satis
1077 387 1195 452 indicat
1220 411 1245 451 e(

100 498 205 583 operis
242 497 353 562 caduci
388 497 596 559 fundamenta
631 499 796 580 tamquam
823 496 856 558 in
886 517 969 578 aqua
992 495 1146 578 posuisse,
1173 518 1245 578 nequ

46 634 49 640 ·
100 608 190 689 aptos
226 627 304 681 3333,
340 604 456 688 quibus
490 604 569 666 fides
606 603 774 667 habeatur.
826 602 878 665 Ab
914 602 959 665 eis
989 601 1103 665 allatas
1127 602 1245 665 ratione

101 735 158 776 cur
180 711 440 795 interpolationes
464 711 497 773 in
521 711 580 774 huc
605 711 744 774 carmine
760 710 861 773 latere
877 712 1066 786 statuerent,
1091 708 1245 773 Schuetzio

100 821 133 882 in
169 818 425 882 annotationibus
461 818 581 882 criticis
617 817 741 901 copiose
770 816 1029 881 commemoravit
1058 820 1090 880 et
1114 816 1244 880 refutavi

100 927 159 991 Cui
195 949 294 1009 quum
317 925 445 1008 penitus
470 924 636 1001 assentiar,
672 947 740 987 rem
764 924 874 1007 paucis
899 923 1064 987 absolvere
1088 923 1168 986 mihi
1189 923 1243 986 lice

100 1032 207 1097 Pauca
230 1032 446 1119 tantummodo
473 1032 512 1094 ab
538 1054 573 1094 eo
597 1031 812 1114 praetermissa
836 1031 961 1094 addam.

208 1139 330 1203 Peerlc.
355 1142 412 1203 str.
438 1140 457 1201 3
482 1162 554 1202 cum
577 1143 633 1202 311.
659 1140 689 1214 4,
714 1141 770 1201 str.
796 1139 814 1200 5
840 1160 912 1201 cum
935 1142 991 1201 str.
1018 1139 1048 1213 6,
1073 1138 1245 1200 stridori

102 1250 159 1310 str.
197 1247 236 1309 11
268 1245 410 1310 confudit
438 1246 559 1309 idoneis
582 1245 659 1309 locis
684 1245 864 1321 excidendo,
888 1245 921 1307 id
945 1245 1029 1327 quod
1052 1244 1087 1307 in
1110 1249 1165 1308 str.
1190 1245 1217 1320 3,
1238 1270 1245 1291 2

102 1356 121 1417 6
162 1354 259 1432 ,miro
295 1355 387 1417 casu“
428 1351 477 1433 (ut
505 1353 603 1415 verba
634 1353 673 1415 ab
699 1351 817 1415 Orellio
841 1373 926 1434 saepe
950 1351 1070 1414 usitata
1095 1351 1245 1414 adhibeau

101 1461 169 1524 sine
192 1460 337 1523 molestia
362 1463 394 1523 et
417 1460 485 1522 sine
510 1464 686 1522 ceterorum
710 1480 859 1521 versuum
882 1458 975 1521 ruina
996 1458 1068 1521 fieri
1084 1462 1197 1541 potest,
1219 1479 1245 1520 se

100 1567 134 1630 in
157 1571 213 1630 str.
239 1569 257 1630 5
284 1568 306 1630 11
331 1569 349 1630 6
384 1589 445 1630 non
480 1567 517 1628 fit
552 1566 619 1628 sine
649 1565 773 1628 lubrica
801 1565 986 1641 mutatione,
1017 1587 1081 1648 qua
1104 1567 1149 1627 311
1171 1587 1245 1648 pro.

101 1674 239 1757 scripsit,
264 1674 470 1757 quamobrem
494 1673 526 1735 in
551 1672 601 1735 his
626 1673 755 1755 quidem
779 1672 918 1755 strophis
943 1672 1134 1735 excisionem
1156 1670 1245 1734 Peerb

100 1781 187 1843 haud
210 1781 305 1843 dubie
328 1803 390 1843 non
414 1779 553 1856 fecisset,
576 1779 638 1841 nisi
664 1779 855 1842 necessitate
872 1783 998 1842 coactus
1016 1783 1110 1855 esset,
1135 1801 1174 1842 ne
1189 1779 1245 1841 filu]

104 1887 252 1951 orationis
288 1887 493 1969 abrumperet
511 1885 546 1968 ¹).
599 1885 749 1963 ,Nescias
784 1889 892 1948 utrum
926 1885 1031 1969 magis
1066 1885 1244 1949 admirercri

103 1994 358 2078 grammaticum,
395 1993 450 2076 qui
484 1994 614 2076 impune
651 1997 682 2055 31
718 1992 839 2056 occulte
868 2015 978 2056 versus
1002 2014 1076 2055 suos
1099 1993 1133 2056 in
1157 1992 1244 2057 medie

10 2114 13 2119 '
103 2100 250 2183 strophas
284 2099 429 2176 inseruit,
466 2122 506 2162 an
535 2099 681 2162 criticum
716 2121 874 2182 sagacem,
911 2100 966 2182 qui
1001 2099 1132 2163 inventa
1161 2101 1245 2163 hac]

104 2207 318 2270 dubitationes
341 2229 414 2269 suas
439 2206 509 2269 31113
534 2206 753 2269 commendare
776 2207 897 2289 potuit“
919 2205 956 2288 ²).
996 2206 1180 2271 Excisiones
1204 2229 1245 2269 sue

103 2312 224 2378 Peerlc.
264 2312 400 2396 argutiis
440 2312 583 2395 sophista
618 2313 724 2396 dignis
760 2313 912 2376 defendit.
970 2312 1016 2376 Ut
1054 2336 1088 2377 33
1128 2314 1246 2377 adversi

103 2422 211 2496 verba,
236 2443 307 2503 quae
331 2424 405 2482 sunt
428 2422 497 2482 1313
514 2419 686 2503 perdomui
709 2420 770 2482 1313
792 2422 991 2503 conspicatum
1014 2421 1120 2484 1311313
1141 2423 1243 2484 1311131

104 2528 269 2590 convertit.
316 2527 480 2591 Verticem
503 2526 614 2589 1311313
638 2526 715 2590 dicit
738 2549 806 2589 3333
824 2556 848 2578 =
865 2527 1048 2590 suberbiam
1065 2528 1128 2591 sibi
1144 2550 1244 2591 sumer

104 2634 187 2717 quod
212 2634 385 2697 ostendisse
409 2634 471 2696 sibi
494 2634 621 2697 videtur
645 2632 740 2696 allato
766 2656 862 2696 carm.
886 2632 911 2697 I:
939 2634 990 2710 18,
1015 2635 1125 2697 tollens
1148 2655 1243 2698 33133

97 2742 175 2825 plus
201 2741 596 2823 3113139131131131113113.
643 2738 706 2803 Sed
730 2740 776 2802 ibi
799 2741 1017 2824 unusquisque
1041 2741 1151 2825 legere
1175 2746 1245 2826 pote

103 2870 165 2912 non
194 2848 303 2910 13113113
329 2849 470 2910 corticem
493 2848 549 2910 sed
573 2848 681 2910 tollens
699 2848 1068 2930 111333131131311133111.
1116 2847 1207 2912 Idem
1227 2848 1245 2911 ir

104 2955 239 3019 tercedit
274 2953 445 3017 discrimen
480 2958 575 3037 atque
611 2954 695 3017 inter
729 2976 881 3017 suesanus
916 2954 1089 3018 locutiones
1120 2955 1200 3018 111113
1225 2977 1245 3018 3

104 3060 227 3142 11311311
252 3061 323 3144 hoyo
352 3065 383 3123 et
412 3060 489 3122 bdru
517 3060 798 3141 Ι1111113113113111
820 3060 976 3144 1111111191.
1024 3061 1094 3126 Η33
1118 3063 1243 3146 signific

104 3168 297 3250 superbiam,
321 3167 400 3229 illud
423 3167 522 3230 talem
545 3167 610 3230 vim
632 3190 695 3230 non
717 3167 826 3230 habet.
874 3167 938 3231 ufr.
964 3166 1022 3231 Od.
1047 3167 1072 3232 I:
1101 3171 1129 3246 1,
1148 3171 1201 3247 35,
1226 3171 1244 3232 3

372 3298 446 3352 Quod
466 3299 487 3343 si
506 3311 546 3342 mc
565 3298 651 3356 lyricis
670 3298 773 3343 vatibus
793 3299 893 3353 inseris,

373 3387 480 3433 Sublimi
499 3388 589 3432 furiam
609 3388 693 3433 sidera
711 3389 814 3434 vertice.

107 3487 265 3560 Quantam
300 3487 518 3570 arrogantiam
551 3488 620 3552 hacc
655 3489 843 3566 indicarent,
879 3489 906 3552 si
941 3488 1142 3573 Peerlcampi
1177 3491 1245 3574 opiu

106 3597 193 3656 recta
228 3597 324 3657 esset!
376 3594 1048 3677 811113111313113331311313313113131113,
1085 3606 1245 3681 orropouti

106 3702 204 3762 3111133
238 3702 308 3762 3131
349 3700 402 3764 Α1)
437 3701 487 3764 his
521 3700 611 3763 falsis
645 3701 746 3764 initiis
780 3703 941 3785 profectus
975 3703 1098 3768 Peerlc.
1129 3704 1226 3769 facilc

108 3807 191 3888 quod
224 3806 293 3870 vult
328 3808 495 3872 concludit.
551 3806 658 3885 ,Dixit
692 3808 793 3892 igitur
827 3808 1009 3887 Horatius,“
1042 3811 1159 3895 inquit,
1194 3813 1245 3875 “iu

219 4035 236 4097 ¹)
255 4045 319 4090 Vide
338 4045 508 4091 Schuetzium.

219 4123 236 4186 ²]
256 4134 381 4189 Luebker,
400 4135 561 4182 Oommentar
580 4150 613 4182 zu
630 4138 739 4182 Horaz’s
759 4136 837 4192 Odcn,
856 4151 914 4196 pag.
936 4139 995 4184 465.
