2766 4590
662 193 837 255 ..22-

162 372 279 457 placet,
304 394 321 435 e
346 372 434 436 codd.
459 371 619 434 nonnullis
642 391 766 433 sumere
782 392 948 452 possumus
959 370 1081 454 profer.
1104 367 1253 451 Utraque
1267 390 1325 445 vor,

163 483 199 542 ut
223 482 310 563 puto,
335 479 451 543 bonam
475 478 572 542 efficit
595 477 796 542 sententiam.
1377 452 1379 465 Ι

269 585 385 649 Procul
420 587 520 649 onasus
554 593 615 648 esto
649 585 767 648 cluauor
801 585 830 648 (f
857 586 918 648 iro.
972 582 1095 647 Peerlc.
1120 582 1254 645 miratus
1278 585 1329 658 est,

161 716 238 756 num
272 692 431 756 Maecenas
467 695 498 755 et
533 691 685 755 Horatius
720 692 818 756 istum
852 691 1021 755 clamorem
1057 694 1089 754 et
1112 689 1195 753 iram
1217 688 1329 754 moturi

162 803 276 863 essent.
317 799 419 877 ,Nam
442 800 481 862 de
505 798 608 875 aliis“,
633 799 747 893 inquit,
777 799 934 877 ,convivis
957 797 1039 861 nihil
1062 797 1211 881 legimus,
1229 817 1328 878 neque
1361 858 1368 883 Ι

163 928 200 969 ex
228 906 369 970 carmine
398 906 596 989 suspicamur
619 904 727 988 plures
750 905 966 969 interfuisse“.
1012 904 1075 968 Sed
1099 926 1155 967 cur
1178 925 1242 966 non
1264 901 1332 986 plu·

163 1002 223 1077 res*
237 1013 452 1085 interfuerint,
475 1035 538 1075 non
561 1011 656 1076 facile
678 1011 889 1095 intellegitur.
936 1010 1035 1075 Poeta
1057 1010 1110 1074 hic
1122 1003 1335 1074 Maecenatem

162 1120 288 1197 invitat,
313 1125 349 1184 ut
364 1120 506 1184 convivio
523 1119 659 1197 intersit,
675 1141 780 1201 neque
796 1119 971 1202 quidquam
985 1116 1145 1201 prohihet,
1170 1116 1335 1199 quominus

161 1229 338 1289 statuamus
374 1248 447 1290 eum
470 1226 548 1289 alios
572 1248 696 1308 quoque
720 1225 882 1289 invitasse.
930 1223 1047 1288 Contra
1071 1222 1252 1287 convivium
1274 1220 1335 1286 vile

161 1333 306 1396 futurum
328 1333 426 1396 fuisse
450 1332 586 1409 videtur,
610 1332 672 1396 nisi
696 1333 802 1415 plures
826 1354 922 1415 quam
958 1333 1017 1394 duo
1053 1328 1241 1392 adfuissent.
1295 1327 1338 1392 Et
1376 1332 1379 1337 '

162 1439 240 1503 Hor.
277 1443 309 1503 et
344 1439 501 1502 Maecenas
541 1439 642 1503 multa
682 1439 825 1505 convivia
863 1460 925 1502 non
960 1437 1027 1500 sine
1062 1435 1219 1499 sodalium
1255 1438 1336 1498 stre·
1362 1426 1366 1431 ¹

162 1546 233 1629 pitu
272 1546 521 1625 celebraverant,
559 1547 615 1611 ubi
654 1568 757 1629 neque
796 1545 914 1610 elamor
953 1566 1056 1627 neque
1096 1543 1144 1606 ira
1180 1542 1337 1617 defuerat,

162 1675 261 1736 quare
290 1654 490 1736 aptissimum
519 1658 567 1718 est
589 1653 723 1717 Horum
747 1653 889 1716 animum
912 1650 1097 1716 Maecenatis
1121 1648 1337 1732 tranquillan-

162 1764 228 1823 tem
261 1761 406 1843 polliceri
441 1761 618 1825 convivium
653 1760 796 1843 quietum
832 1762 864 1822 et
895 1759 1057 1842 placidum
1085 1758 1229 1820 futurum
1259 1778 1338 1820 esse.

163 1866 315 1930 Lehrsius
338 1869 384 1930 ita
407 1890 475 1930 rem
499 1867 661 1945 describit,
686 1868 778 1951 quasi
801 1868 841 1930 ad
864 1867 964 1929 fustes
989 1870 1020 1929 et
1040 1886 1163 1949 pugnos
1179 1863 1339 1941 venerint,

164 1973 197 2036 id
221 1975 304 2056 quod
332 1975 420 2038 nulla
444 1997 478 2038 re
501 1975 535 2037 in
559 1974 698 2039 carmine
721 1974 891 2050 indicatur,
917 1976 948 2036 et
971 1958 1075 2034 mutat
1097 1972 1196 2034 verba
1219 1971 1341 2034 clamor

163 2086 191 2142 et
225 2082 277 2147 tro
311 2081 344 2143 in
379 2102 457 2143 curu
484 2081 599 2162 futuri.
647 2080 737 2156 Quod
760 2081 787 2144 si
810 2080 869 2143 tali
891 2079 982 2142 modo
1007 2078 1046 2141 ad
1070 2077 1237 2141 libidinem
1262 2099 1337 2141 ver-

163 2186 276 2249 borum
312 2192 491 2252 contextum
519 2188 641 2272 fingere
664 2188 750 2264 licet,
775 2209 882 2251 omnes
907 2186 1034 2250 criticas
1058 2184 1203 2267 quamvis
1225 2184 1339 2268 impli-

164 2296 251 2356 catas
278 2295 375 2358 tricas
403 2294 497 2358 facile
522 2298 554 2358 et
578 2295 737 2358 commode
762 2295 915 2358 extricare
944 2313 1120 2376 possumus,
1145 2313 1249 2374 neque
1276 2292 1340 2355 erit

164 2399 293 2464 difficile
316 2402 508 2465 sententiam
531 2401 708 2485 quamlibet
731 2402 867 2484 assequi,
896 2401 941 2464 ita
965 2404 1082 2466 tamen,
1106 2402 1143 2461 ut
1165 2397 1341 2480 paullatim

164 2506 259 2570 editio
294 2507 461 2571 horatiana
497 2509 662 2586 efficiatur,
698 2508 754 2572 ubi
777 2530 881 2591 neque
905 2530 921 2571 e
945 2507 1051 2571 verbis
1074 2528 1177 2589 neque
1202 2527 1239 2568 ex
1264 2527 1339 2570 sen-

164 2614 273 2677 tentiis
298 2615 441 2679 codicum
464 2616 532 2679 fere
556 2616 730 2698 quidquam
753 2618 862 2679 restet.
909 2613 1064 2696 Exempla
1086 2634 1149 2676 non
1173 2612 1300 2675 desunt.

269 2721 420 2785 Extrema
443 2723 574 2806 stropha
598 2723 738 2786 omnium
760 2723 933 2786 maximum
955 2720 1120 2805 negotium
1143 2704 1338 2783 criticis'ex·

161 2824 278 2890 hibuit.
324 2827 468 2892 Primum
503 2830 643 2892 omnium
678 2830 716 2894 de
751 2830 783 2893 vi
818 2833 850 2893 et
884 2829 1040 2912 positione
1062 2826 1154 2890 verbi
1177 2826 1341 2910 neglegens

162 2932 358 3015 disputatum
388 2938 445 3011 est,
474 2958 668 3020 quamquam
695 2938 759 3001 iam
782 2940 917 3020 uterque
940 2934 1037 2999 schol.
1061 2932 1222 3017 probabili
1244 2932 1339 2997 modo

160 3037 389 3123 interpretatus
414 3046 462 3106 est
485 3045 687 3127 raeplepentera
709 3045 762 3108 hic
787 3066 854 3107 esse
877 3064 1020 3106 sectorum
1044 3044 1076 3104 et
1097 3041 1137 3104 ad
1152 3038 1340 3123 Vergilium

161 3142 217 3225 (Α.
245 3148 355 3232 1350)
381 3149 551 3234 delegavit,
581 3152 655 3230 ,ubi
679 3175 695 3216 e
720 3154 876 3216 contrario
900 3152 1000 3237 Verg.
1018 3176 1165 3217 securum
1180 3177 1238 3236 pro
1254 3176 1339 3239 neg-

159 3250 283 3336 legenti
317 3257 436 3338 posuit:
473 3280 603 3321 securus
633 3282 776 3322 amorum
799 3263 993 3344 germanae“.
1040 3258 1115 3323 Sine
1139 3260 1236 3323 dubio
1262 3283 1338 3325 sen-

160 3360 273 3438 tentia,
299 3385 370 3445 quae
394 3364 548 3445 sequitur,
572 3388 610 3429 ne
633 3388 696 3450 quo
714 3368 853 3450 populus
869 3367 993 3449 taboret,
1010 3368 1129 3450 pendet
1146 3390 1182 3430 ex
1198 3373 1339 3452 utraque

159 3488 235 3530 voce
258 3469 417 3553 neglegens
442 3474 473 3533 et
496 3492 602 3534 curere
626 3468 684 3533 ἀπὸ
708 3480 819 3551 κοινοῦ,
844 3478 879 3536 ut
902 3473 1077 3557 saepissime
1100 3474 1146 3537 fit.
1184 3474 1339 3539 Privatus

159 3574 329 3638 maximam
353 3577 502 3640 carminis
527 3578 748 3643 difficultatem
772 3581 912 3645 continet
936 3585 1034 3664 atque
1049 3581 1156 3645 nescio
1173 3586 1251 3664 quot
1266 3605 1337 3647 mo-

160 3679 208 3742 dis
237 3682 429 3765 explicatum
458 3685 509 3747 sit.
557 3684 714 3768 Oruquius
739 3688 915 3752 annotavit:
945 3709 1008 3751 noa
1031 3690 1065 3750 in
1087 3688 1158 3769 foro
1177 3689 1337 3773 publicus,

158 3787 212 3849 sed
239 3789 325 3850 taetro
343 3793 482 3872 parietes
506 3795 661 3875 priuatae.
708 3794 813 3858 Bentl.
837 3799 931 3878 putat
954 3796 1053 3859 verba
1073 3816 1168 3878 parce
1185 3799 1338 3879 priuatus

158 3913 263 3955 cauere
300 3895 386 3958 idem
430 3898 613 3982 significare
653 3902 735 3982 quod
774 3903 840 3964 noli
877 3906 923 3965 rei
961 3904 1121 3985 soaniliuri
1160 3904 1336 3983 concaedere,

163 4000 300 4084 “quippe
324 4025 392 4067 rem
415 4026 506 4067 suam
526 4006 719 4070 familiarem
734 4013 878 4092 privatus
895 4014 985 4073 curat
1002 4012 1098 4074 etiam
1113 4011 1335 4094 magistratus,

159 4107 257 4170 etiam
281 4109 308 4171 si
331 4132 393 4174 non
416 4112 588 4194 praefectus
611 4115 703 4178 mode
726 4116 825 4194 urbis,
850 4117 905 4180 sed
929 4117 1014 4181 orbis
1035 4118 1184 4200 princeps
1200 4117 1334 4183 fuerit“.

79 4284 174 4312 Α
