2766 4590
595 183 769 245 -45-

65 398 69 405 ·
98 363 190 426 etiam
226 363 264 425 de
299 362 372 445 ipsa
405 361 456 424 die
484 360 585 423 natali
614 361 792 423 admonere.
849 358 992 437 „Nobilis
1016 358 1139 436 Lamia,
1163 382 1203 422 ne
1227 360 1270 423 sis

101 469 210 533 oblitus
240 468 414 533 crastinum
444 468 529 531 diem
556 466 698 530 natalem
720 471 812 529 tuum
836 469 932 530 esse‚“
984 466 1053 530 Hoc
1078 469 1126 529 est
1149 467 1269 530 ridicu-

102 576 163 639 lum
185 580 218 639 et
241 598 364 639 summo
387 575 456 638 iure
480 574 650 638 Lehrsium
675 575 714 636 ad
738 573 934 637 irridendum
959 573 1097 657 impulit,
1123 595 1194 656 quae
1217 578 1268 636 ta-

103 705 169 746 men
191 682 298 746 11111111
321 704 384 744 non
408 681 440 744 in
464 681 634 744 Horatium
651 681 706 744 sed
722 680 755 742 in
771 702 956 763 perversam
972 680 1270 763 interpretationem

104 789 189 853 cadit.
235 787 336 853 Recte
372 792 478 851 autem
512 788 577 851 iam
605 787 773 851 Dacierius
802 788 843 850 ad
865 788 964 851 verba
987 787 1121 868 ficarolis
1144 809 1271 871 operum

106 897 203 959 solutis
231 895 301 959 haec
333 895 510 959 annotavit:
552 893 642 972 ,Non
672 894 856 970 debemus“,
881 894 996 976 inquit,
1026 894 1117 972 ,inde
1142 893 1268 958 conclu-

107 1003 172 1066 dere
195 1002 279 1066 diem
304 1001 477 1065 crastinum
501 1001 709 1065 communiter
732 1001 849 1064 festum
872 1000 980 1063 fuisse.
1018 1000 1171 1063 Horatius
1194 1001 1272 1064 dicit

107 1112 233 1173 atrocem
255 1112 482 1192 tempestatem
507 1107 657 1171 elabere
681 1108 907 1190 impedituram
936 1109 1036 1170 esse“.
1077 1105 1270 1184 SanadonuS,

108 1216 154 1298 qui
174 1220 208 1278 ut
230 1238 303 1278 mea
327 1215 457 1298 quidem
481 1214 545 1277 fert
569 1215 685 1297 opinio,
711 1214 850 1277 onmium
875 1217 907 1277 et
931 1214 1148 1296 antiquiorum
1172 1212 1203 1277 et
1219 1236 1271 1277 re-

108 1322 270 1385 centiorum
300 1321 457 1384 editorum
486 1321 604 1404 optime
633 1322 671 1384 de
700 1320 759 1384 hoc
783 1321 923 1384 carmine
947 1321 1080 1383 meritus
1104 1324 1162 1397 est,
1187 1321 1273 1383 idem

107 1426 164 1491 fere
185 1429 272 1492 dicit.

200 1534 269 1598 Iam
305 1557 378 1599 vero
416 1536 455 1598 ad
491 1534 712 1598 difficillimam
748 1535 781 1596 in
810 1533 868 1597 hoc
899 1535 1039 1598 carmine
1064 1534 1273 1617 quaestionem

108 1644 304 1706 transeamus.
350 1641 533 1704 Videndum
557 1641 641 1704 enirn
664 1644 721 1716 est,
746 1627 900 1723 quomodo
916 1641 1028 1724 primae
1046 1641 1116 1704 duae
1132 1625 1280 1724 1111111111

110 1749 275 1813 cohaereant
311 1771 384 1812 curn
419 1771 465 1825 eo,
502 1748 584 1830 quod
608 1747 743 1809 diximus
767 1770 835 1809 esse
860 1747 1009 1810 carminis
1032 1748 1197 1830 proprium
1221 1771 1272 1811 ar·

109 1859 293 1937 gumentum.
345 1855 466 1919 Versus
496 1854 626 1938 quintus
656 1853 689 1916 in
714 1854 858 1917 onmibus
882 1853 1077 1917 membranis
1101 1854 1147 1916 ita
1171 1855 1273 1938 scrip-

108 1962 150 2024 tus
180 1967 241 2026 est:
278 1970 404 2025 auctore
438 1962 476 2025 ob
511 1962 565 2024 illo
600 1961 689 2023 deicis
724 1963 884 2044 originem.
937 1960 970 2024 Si
994 1960 1162 2025 lectionem
1185 1962 1275 2025 (lascis

109 2069 269 2134 retinemus
305 2067 403 2152 (quod
437 2069 535 2132 miror
564 2090 757 2151 quemquam
786 2071 857 2151 post
880 2067 1007 2130 Bentlei
1032 2068 1275 2150 explicationem

109 2174 201 2240 facere
226 2197 340 2239 ausum
364 2176 456 2257 1111),
486 2176 585 2239 verba
608 2175 664 2237 illa
689 2175 728 2237 ad
753 2178 977 2258 argumentum
1000 2175 1192 2257 pertineant,
1217 2198 1273 2239 ne-

110 2303 183 2345 cesse
218 2287 277 2359 est,
314 2304 413 2364 quum
442 2305 552 2345 eorum
576 2281 736 2344 sententia
760 2284 792 2344 et
816 2303 863 2357 ea,
889 2303 959 2362 quae
984 2281 1138 2362 sequitur,
1165 2282 1274 2345 codem

111 2390 206 2452 tenore
242 2382 498 2472 progrediantur.
545 2387 659 2470 Itaque
695 2410 766 2470 quae
802 2387 941 2450 carmine
971 2387 1181 2461 continentur,
1206 2388 1275 2452 haec

111 2499 216 2560 essent:
248 2496 388 2574 ,Lamia
413 2496 520 2579 gentis
543 2500 606 2559 tuae
632 2499 741 2558 auctor
757 2495 886 2570 Lamus,
904 2494 1046 2558 conditor
1063 2493 1274 2571 Formiarum,

110 2606 176 2666 erat,
223 2602 300 2667 Cras
324 2602 423 2685 pluet.
448 2602 542 2678 Cura,
567 2606 603 2664 ut
626 2602 746 2665 habeas
771 2601 895 2664 aridum
918 2600 1052 2684 lignum.
1088 2600 1276 2664 Convivium

58 2750 60 2755 -
95 2709 307 2815 'celebrabisffl
359 2708 505 2772 Partium
529 2709 755 2772 cohaerentiam
778 2708 830 2771 hic
854 2708 958 2770 laxam
982 2708 1048 2770 sive
1072 2709 1179 2791 potius
1202 2707 1275 2769 1111-

58 2888 62 2899 ·
94 2812 162 2878 'lam
197 2839 276 2892 esse,
312 2816 383 2899 quis
420 2820 477 2892 111,
514 2816 591 2898 quin
625 2816 753 2879 videat?
799 2815 843 2878 111
877 2815 969 2878 homo
1004 2815 1104 2878 nobili
1127 2815 1194 2878 loco
1218 2837 1276 2876 na-

58 3002 60 3009 ,
106 2923 159 2999 111,
200 2945 296 3005 quem
337 2923 375 2985 de
411 2923 539 3006 generis
574 2923 623 2984 sui
657 2926 784 2985 auctore
820 2920 886 3001 (vel
921 2922 1028 2998 etiam,
1064 2925 1100 2984 ut
1134 2920 1277 2984 nonnulli

106 3029 216 3106 volunt,
254 3029 293 3097 de
327 3029 428 3112 ipsius
464 3030 515 3093 die
550 3029 665 3110 natali)
701 3029 869 3092 certiorem
903 3028 1009 3092 facere
1038 3050 1167 3092 necesse
1197 3031 1276 3107 erat,

106 3131 214 3199 Horati
242 3158 332 3198 musa
359 3159 475 3219 parum
503 3137 619 3219 dignus
642 3135 741 3198 fuisse
765 3136 901 3198 videtur.
948 3135 1083 3197 Plurimi
1108 3139 1215 3199 autern
1238 3136 1277 3199 de

105 3240 160 3306 hac
182 3243 319 3307 lectione
349 3244 555 3325 desperantes
578 3242 693 3305 Heinsi
717 3266 736 3304 a
759 3241 904 3305 Bentleio
929 3240 1000 3305 aliis
1025 3243 1277 3305 commendatam

59 3342 62 3347 ’
107 3350 317 3413 coniecturam
352 3350 437 3412 (111σὶ1
472 3353 673 3431 acceperunt.
721 3348 831 3411 Etiam
864 3347 985 3423 Keller,
1022 3348 1278 3411 coniecturarum

104 3454 154 3519 ille
190 3459 398 3538 contemptor,
434 3455 624 3519 necessitate
660 3458 786 3518 coactus
822 3477 892 3517 eam
928 3455 1085 3537 probavit.
1139 3453 1278 3517 Tantum

104 3583 173 3627 vero
199 3585 237 3625 ea
261 3562 454 3644 proficimus,
478 3566 514 3625 ut
537 3585 566 3625 v.
592 3564 611 3624 5
629 3562 669 3624 ad
685 3561 902 3644 parenthesin,
920 3582 1016 3642 quam
1032 3563 1146 3624 vocant
1162 3560 1277 3639 Graeci,

103 3690 203 3752 neque
240 3669 279 3731 ad
314 3668 420 3752 ipsum
455 3672 679 3752 argumentum
703 3667 874 3751 pertineat,
904 3668 959 3730 sed
983 3667 1081 3730 etiam
1105 3667 1278 3750 accipimus

102 3775 229 3859 longam
264 3779 296 3838 et
332 3775 383 3838 vix
417 3775 582 3838 ferendam
609 3774 826 3857 parenthesin,
858 3796 955 3857 quani
982 3774 1164 3858 legentibus
1187 3756 1278 3837 hobis

104 3880 189 3945 haud
217 3882 355 3945 multum
384 3883 484 3959 abest,
521 3881 598 3964 quin
626 3881 757 3965 spiritus
785 3880 1027 3958 intercludatur,
1055 3884 1279 3964 argumentum

103 3993 210 4052 autem
243 4011 307 4051 non
341 3989 444 4072 plenis
481 3989 603 4051 duabus
638 3988 777 4071 strophis
801 3986 987 4065 absolvitur,
1020 3987 1125 4070 prima
1146 3988 1280 4071 stropha

101 4096 185 4159 nihit
208 4095 307 4158 habet
329 4095 446 4178 leporis
471 4099 566 4177 atque
591 4095 725 4158 obscura
749 4097 781 4158 et
803 4094 957 4177 languida
974 4098 1032 4157 est.
1057 4093 1128 4157 Hac
1144 4095 1279 4158 maxime
