2804 4582
569 132 721 205 -54

165 320 289 384 Deinde
312 319 521 404 hypercritici
543 320 696 397 nonnulli,
720 324 757 384 111
780 321 932 385 Lehrsius
957 326 989 386 et
1005 323 1168 406 Gruppius
1185 322 1231 404 (et

57 428 141 491 inter
169 429 346 492 moderatos
375 427 580 510 Meinekius),
609 429 795 511 priusquam
823 429 956 493 Horatio
981 451 1109 512 operam
1132 453 1231 494 nava-

56 541 138 613 rent,
174 536 207 598 in
242 535 361 598 talibus
396 557 574 619 graecorum
608 535 735 618 scriptis
770 537 972 600 recensendis
1000 537 1119 601 versati
1147 540 1230 614 sunt,

57 665 191 726 quorum
225 643 419 705 membranae
456 645 487 705 et
521 641 818 725 interpolationibus
854 647 886 705 et
921 642 981 706 alio
1016 644 1106 707 modo
1142 648 1232 707 erant

57 749 314 832 corruptissima.
367 746 405 811 ln
432 752 581 832 promptu
611 753 659 812 661
692 749 848 831 suspicari
876 749 935 813 hoc
958 771 1111 835 magnum
1135 751 1232 814 etiam

57 858 98 920 ad
121 856 291 919 Horatium
306 855 512 920 indicandum
527 859 722 919 momentum
738 855 898 933 habuisse,
924 857 1013 921 cuius
1029 861 1136 921 tamen
1152 859 1226 921 libri

55 964 132 1026 msti
154 963 341 1047 integritate
366 963 411 1026 eis
434 962 528 1047 longe
552 966 716 1046 praestant,
741 962 856 1044 quibus
878 967 971 1027 antea
989 986 1116 1047 operam
1133 964 1229 1028 dede-

55 1074 138 1134 rant.
185 1069 257 1153 lpse
281 1062 402 1146 Keller,
432 1070 487 1152 qui
509 1069 572 1132 sibi
596 1091 783 1163 persuasum
806 1068 914 1146 habet,
944 1071 977 1133 in
1000 1069 1115 1134 Horati
1138 1071 1230 1135 libris

57 1177 273 1242 examinandis
311 1177 414 1240 onmia
448 1177 539 1239 nobis
573 1177 750 1240 necessario
781 1179 996 1241 conservanda
1021 1199 1088 1242 6666
1113 1182 1145 1242 61
1168 1200 1230 1242 uno

55 1285 272 1348 tantummodo
301 1284 439 1347 alterove
474 1283 540 1347 loco
576 1283 754 1360 confitetur,
794 1284 864 1346 fieri
887 1307 989 1367 posse,
1013 1289 1049 1347 ut
1072 1285 1153 1348 falso
1177 1286 1227 1348 in·
1259 1314 1260 1321 ¹

56 1393 134 1456 serti
169 1392 233 1454 sint
262 1413 372 1455 versus
396 1389 476 1471 (Sat.
501 1388 526 1454 l:
552 1393 582 1467 2,
609 1392 660 1468 13,
686 1389 840 1473 Epistl:
867 1393 896 1462 1.
922 1392 988 1475 56),
1013 1396 1120 1455 tamen
1143 1392 1231 1455 nullo

44 1499 146 1562 modo
183 1499 284 1563 credit
319 1498 417 1560 talem
452 1498 596 1561 criticam
623 1497 778 1565 rationem
802 1498 836 1560 in
860 1499 1004 1562 omnibus
1029 1500 1232 1582 antiquorum

57 1606 186 1688 scriptis
210 1605 413 1670 recensendis
437 1609 558 1669 rectam
582 1628 659 1668 esse.
1244 1588 1247 1595 ¹

164 1712 239 1775 Alia
267 1734 372 1789 causa,
409 1735 464 1776 cur
492 1712 593 1774 multa
620 1714 854 1797 vituperatione
879 1713 977 1796 digna
1000 1713 1148 1776 invenire
1172 1713 1233 1776 sibi

55 1820 240 1884 viderentur
267 1818 419 1895 nonnulli,
456 1822 534 1895 erat,
563 1820 646 1901 quod
675 1823 730 1883 ant
754 1821 794 1883 ad
818 1819 988 1883 Horatium
1011 1823 1097 1882 recte
1125 1820 1231 1901 perci-

17 1955 23 1969 .
56 1918 210 2010 piendum
244 1925 350 2009 paullo
385 1925 541 1988 tardiores
570 1931 660 1990 erant
683 1927 822 2012 ingenio,
859 1931 914 1989 aut
935 1926 1030 1989 nimis
1054 1926 1233 2009 prosaicam

58 2035 229 2098 verborum
254 2033 487 2097 accurationem
512 2055 530 2095 a
546 2037 640 2116 poeta
657 2034 871 2116 postulabant.
911 2033 991 2109 Hoc,
1008 2033 1091 2116 quod
1107 2036 1231 2116 postre-

55 2164 143 2204 mum
179 2140 323 2217 diximus,
359 2140 393 2202 in
427 2139 572 2202 Bentleio
597 2163 732 2223 quoqne,
769 2141 877 2204 critico
915 2140 1131 2215 celeberrimo,
1162 2139 1231 2202 iure

57 2248 314 2310 animadversum
338 2250 395 2323 est,
421 2247 475 2329 qui
500 2247 689 2311 coniecturis
713 2248 865 2310 maiorem
881 2246 1145 2330 perspicuitatem
1161 2246 1229 2309 effi·

57 2377 128 2419 cere
154 2359 283 2417 conatus
309 2357 366 2429 est,
393 2357 424 2416 et
447 2353 546 2417 multo
570 2354 674 2438 magis
688 2354 724 2416 111
740 2353 939 2436 Peerlcampi
956 2353 1084 2436 scriptis
1102 2353 1230 2416 eminet.

55 2459 101 2525 Ut
137 2461 222 2524 enim
256 2464 353 2523 nauta
388 2461 474 2523 sidus
509 2460 618 2538 habet,
654 2484 714 2543 quo
751 2462 828 2525 duce
856 2461 959 2524 fretus
990 2483 1116 2524 cursum
1140 2482 1232 2523 sunm

57 2568 178 2651 dirigit,
203 2568 249 2629 ita
272 2566 394 2631 Peerlc.
418 2567 508 2629 illam
531 2568 595 2630 iam
619 2591 637 2630 a
661 2567 809 2631 Suetonio
833 2567 996 2631 laudatam
1016 2566 1229 2650 perspicuita-

56 2679 122 2738 tem
145 2674 347 2736 horatianani
370 2673 432 2736 sibi
455 2675 649 2757 sequendam
672 2675 845 2758 proposuit,
871 2679 903 2738 et
926 2674 1118 2756 ubicumque
1139 2677 1233 2756 poeta

58 2781 220 2845 obscurius
251 2780 390 2863 scripsit,
426 2803 521 2863 quam
550 2781 576 2843 si
601 2781 703 2845 soluta
728 2781 868 2846 oratione
892 2804 967 2844 usus
992 2785 1084 2858 esset,
1108 2780 1231 2844 Peerlc.

57 2889 214 2971 captiosas
248 2887 382 2971 protulit
417 2887 688 2970 reprehensiones.
740 2887 925 2971 Captiones'
940 2888 1006 2951 eius
1031 2891 1063 2950 et
1087 2887 1232 2971 argutias

58 3017 142 3077 saepe
178 2994 360 3057 videbimus
376 2994 410 3075 ¹).
458 2993 520 3058 Sed
556 2997 628 3057 ante
665 2995 769 3057 omnia
798 3017 903 3058 omnes
931 2994 999 3058 fere
1022 2994 1232 3077 hypercritici

59 3101 200 3184 leporem
235 3104 266 3163 et
301 3100 509 3164 festivitatem
544 3123 606 3164 non
641 3101 843 3185 intellegunt.
894 3100 961 3164 Ubi
984 3105 1078 3183 poeta
1101 3100 1232 3176 iocatur,

56 3207 102 3270 ibi
130 3207 268 3270 frontem
295 3206 329 3268 hi
357 3207 418 3270 viri
448 3207 639 3271 contrahunt
663 3212 695 3270 et
717 3231 838 3271 meram
862 3208 1067 3272 severitatem
1090 3207 1232 3291 gravita-

56 3318 185 3396 temque
209 3313 317 3376 videre
341 3312 460 3390 volunt,
485 3315 568 3396 quod
592 3316 647 3377 ubi
663 3315 734 3378 fieri
750 3338 811 3378 non
827 3319 942 3398 potest,
966 3314 1230 3397 interpolatorum

57 3420 290 3504 impudentiam
325 3420 425 3483 latere
461 3421 674 3503 suspicantur.
721 3421 860 3498 Kellero,
886 3422 940 3504 qui
964 3422 1046 3485 hanc
1070 3443 1138 3483 rem
1163 3420 1232 3483 11116

57 3527 283 3590 animadvertit
298 3527 336 3608 ²),
373 3527 535 3610 Gruppius
571 3528 710 3612 opponit,
746 3528 862 3591 mirum
898 3550 966 3591 esse
999 3527 1234 3610 cumprimum

59 3729 172 3788 appellat
194 3729 293 3794 „Kleinf
310 3729 364 3774 und
382 3729 592 3774 Fein-meisterci.
629 3731 664 3775 Es
679 3729 743 3784 sind,
758 3730 848 3788 inquit,
862 3728 975 3774 erlesene
988 3728 1234 3774 Oabinetstr'ickchen

56 3830 106 3863 von
134 3818 179 3862 der
207 3819 337 3862 zartesten
364 3818 460 3872 Arbeit,
489 3818 617 3863 vielleicht
646 3832 686 3863 am
710 3818 800 3863 beaten
823 3831 856 3863 zu
878 3818 1038 3876 vergleichen
1057 3817 1104 3862 mit
1124 3816 1172 3861 den
1191 3829 1232 3874 ge-

61 3906 222 3951 schnittenen
240 3906 411 3962 Edelsteinen,
432 3907 481 3952 den
500 3902 629 3965 Onyxen“.
668 3905 737 3962 (Min.
758 3903 828 3960 407).

132 3985 149 4048 ¹)
171 3995 304 4051 „Ueberall
317 3996 425 4041 Makelei
439 3996 490 4041 und
504 3996 716 4051 Wortklauberei,
741 3995 969 4053 Ueberzeugendes
982 3989 1081 4040 nichts“
1098 3989 1234 4050 (Schuetz.)

132 4073 150 4137 ⁹)
169 4085 203 4129 M.
223 4083 270 4129 nn.
292 4087 367 4130 1864.
726 4149 731 4178 ¹
