2766 4590
608 199 783 261 „53-

106 397 194 438 mum
232 398 299 440 esse
334 379 437 460 putat.
473 375 534 440 Vv.
571 377 703 439 21-24
739 400 757 439 a
791 375 955 454 Peerlc:io‚
980 376 1123 454 Lehrsio,
1147 376 1286 456 Prieni0‚

68 492 70 497 '
108 506 155 546 vr.
184 484 315 546 15-20
340 506 358 545 a
383 482 536 567 Gruppio,
562 484 669 546 9-12
696 482 876 561 aPrienio,
899 485 984 547 2--5
1003 507 1022 546 a
1037 483 1181 559 Lehrsio,
1200 485 1287 548 1-4

68 590 71 685 i
109 588 293 674 aGruppio
330 590 427 654 deleti
462 595 545 654 sunt.
593 590 717 655 Deinde
754 613 790 655 ex
825 591 943 675 optimo
983 590 1099 654 Horati
1146 593 1285 656 carmine

68 730 71 737 ·
108 695 166 760 hoc
190 701 305 761 restat:

466 829 556 875 Servas
575 830 670 875 moveri
691 829 767 887 digna
785 829 853 874 bono
873 829 922 883 die,

464 918 604 973 Descende,
624 919 732 964 Corvino
753 918 857 964 iubente

464 1008 584 1053 Promere
603 1007 763 1066 languidiora
782 1009 847 1054 vina.

213 1125 282 1190 Hoc
307 1149 431 1209 quoque
456 1127 592 1203 eiectum
615 1127 749 1190 fortasse
774 1131 822 1191 est
845 1128 885 1191 ab
914 1127 1030 1211 aliquo,
1054 1149 1149 1211 quem
1176 1127 1286 1212 legere

111 1232 186 1295 mihi
220 1256 282 1297 non
316 1233 409 1297 licuit
444 1232 517 1314 (enti
553 1255 601 1318 gr.
626 1234 827 1317 Martinum).
874 1234 1077 1319 Argumenta
1101 1257 1209 1298 eorum
1232 1234 1283 1298 in-

112 1339 198 1402 firma
222 1345 305 1403 sunt.
354 1340 516 1425 Gruppius
540 1345 649 1404 contra
665 1342 802 1425 primam
818 1342 983 1426 stropham
999 1343 1077 1406 dicit
1092 1343 1285 1434 inurbanum

112 1445 248 1509 futurum
273 1447 372 1511 fuisse
397 1471 503 1511 coram
527 1447 671 1524 Corvino,
696 1452 763 1511 tam
785 1448 885 1512 nobili
907 1450 1048 1526 conviva,
1066 1450 1104 1512 de
1121 1449 1284 1532 querellis,

114 1552 194 1630 rixis,
218 1554 339 1617 insanis
365 1555 524 1618 amoribus
548 1578 719 1639 somnoque
742 1555 839 1638 loqui.
886 1555 948 1620 Sed
971 1561 1081 1619 notum
1106 1560 1154 1620 est
1177 1579 1282 1619 roma·

114 1680 163 1722 nos
186 1661 219 1723 in
244 1661 396 1725 conviviis
422 1662 539 1725 calidos
557 1667 589 1725 et
604 1662 804 1727 turbulentos
822 1662 930 1740 fuisse,
956 1663 1053 1726 etiam
1069 1664 1097 1726 si
1113 1663 1284 1727 nobiliores

116 1787 204 1849 quam
229 1767 382 1832 Corvinus
406 1769 467 1833 riri
492 1770 649 1846 adessent,
679 1774 775 1853 atque
800 1769 952 1834 Corvinus
976 1770 1062 1833 haud
1086 1769 1283 1833 fastidientis

115 1875 262 1938 stomachi
284 1875 383 1938 fuisse
407 1875 543 1952 videtur,
568 1899 666 1959 quum
690 1876 843 1940 Horatius
867 1878 935 1961 ipse
959 1878 998 1940 de
1022 1899 1057 1940 eo
1082 1877 1168 1941 dicat
1184 1878 1283 1941 verba

80 1970 83 1975 ¹
113 1978 186 2044 haec:
200 2003 263 2044 non
276 1983 328 2045 ille
340 1980 459 2064 (Corn.)
473 1991 500 2047 te
516 1981 659 2064 (testam)
673 1985 805 2068 neplcpet
820 1984 969 2048 torridus
985 1983 1064 2065 (cfr.
1083 1982 1141 2047 Od.
1160 1982 1185 2061 I,
1203 1985 1271 2066 27).

212 2088 435 2174 Loupnidiorn
458 2093 532 2153 uicto
556 2095 639 2167 sunt,
668 2095 705 2154 ut
727 2090 845 2175 Porph.
869 2092 1100 2175 interpretatus
1125 2095 1182 2168 est,
1206 2090 1282 2154 vina

115 2197 266 2258 vetustate
290 2195 399 2260 lenita.
447 2196 600 2260 Lehmius
628 2197 746 2261 talibus
769 2198 853 2261 vinis
877 2221 939 2262 non
963 2198 1008 2260 ita
1031 2198 1175 2261 homines
1199 2197 1283 2262 affici

116 2302 217 2379 credit,
252 2307 288 2365 ut
323 2303 356 2366 in
390 2304 494 2387 prima
529 2304 659 2386 stropha
695 2304 904 2381 describatur,
940 2305 995 2368 sed
1030 2304 1148 2367 bonurn
1182 2295 1290 2367 solum

116 2407 255 2472 effectum
290 2409 420 2474 habere.
467 2409 578 2474 Posset
612 2410 714 2495 igitur
747 2409 862 2494 aliquis
896 2411 1007 2473 vinum
1036 2415 1197 2475 vetustum
1220 2433 1279 2494 per

114 2516 203 2579 totam
227 2521 353 2580 noctem
376 2515 466 2598 (dum
489 2517 615 2580 rediens
639 2517 732 2601 fugat
757 2522 843 2580 astra
862 2516 1024 2600 Phoebus)
1041 2517 1162 2594 bibere,
1179 2540 1283 2601 neque

114 2621 174 2685 fieri
197 2628 314 2706 posset,
347 2628 383 2686 ut
407 2625 447 2687 ad
470 2624 553 2687 rixas
577 2647 602 2687 s.
627 2624 752 2688 insanos
778 2647 900 2688 amores
923 2624 1153 2708 impelleretur,
1178 2647 1282 2708 neque

78 2812 81 2819 Ι
114 2749 211 2793 somno
247 2734 446 2814 gravaretur,
481 2730 551 2795 haec
587 2735 694 2794 autem
728 2731 926 2795 incommoda
953 2732 1056 2795 vitare
1079 2754 1141 2795 non
1165 2737 1281 2814 posset,

113 2835 177 2899 rina
212 2837 371 2900 deteriora
406 2838 433 2900 si
469 2841 605 2920 potaret.
652 2837 739 2901 Num
774 2839 820 2901 ita
843 2861 895 2902 res
918 2861 952 2902 se
975 2839 1104 2915 habeat,
1137 2838 1283 2902 vinorum

112 2944 199 3024 periti
224 2943 410 3007 diiudicent.
446 2944 571 3007 Deinde
596 2945 674 3008 dicit
696 2945 795 3008 verba
818 2966 1006 3029 quocumque
1029 2946 1139 3008 lectuna
1159 2948 1283 3008 nsornine

111 3049 181 3112 talia
218 3072 297 3127 esse,
332 3055 369 3114 ut
404 3050 556 3134 explicari
590 3056 760 3135 nequeant.
808 3052 889 3115 Edd.
925 3056 1033 3114 tamen
1069 3052 1186 3135 optimo
1211 3052 1280 3115 iure

100 3155 250 3223 dixerunt
285 3179 473 3242 quaecamque
507 3160 631 3220 uomina
665 3159 751 3221 idem
774 3159 957 3243 significare
981 3158 1064 3241 quod
1088 3179 1280 3242 quaecamque

111 3283 199 3328 consu
222 3287 249 3329 s.
277 3267 309 3327 in
332 3286 550 3348 praeconemque
572 3264 674 3346 finem.
711 3264 822 3328 Talem
845 3265 910 3328 vim
933 3287 1018 3347 saepe
1042 3286 1156 3328 nornen
1181 3265 1284 3327 habet·

111 3372 189 3453 apud
212 3370 384 3455 scriptores
408 3371 534 3448 latinos,
558 3375 593 3434 ut
617 3372 702 3455 apud
726 3370 791 3434 Cic.
817 3372 855 3434 de
879 3370 952 3435 Am.
975 3373 1031 3434 25:
1057 3372 1165 3434 ocultis
1180 3373 1279 3434 acomi-

107 3477 191 3542 nr‘bus
227 3460 283 3541 est
302 3478 357 3541 hoc
380 3481 490 3541 citium
513 3480 695 3560 notandum,
720 3477 794 3542 Tac.
820 3477 904 3542 Ann.
932 3478 983 3555 14,
1009 3479 1066 3541 59:
1097 3478 1224 3541 decreta
1248 3500 1280 3541 eo

106 3560 224 3648 noniano
259 3586 511 3668 supplicationes,
548 3590 608 3649 cet.
656 3585 745 3661 Quod
780 3585 808 3648 si
843 3585 894 3648 cui
928 3584 997 3648 haec
1026 3584 1193 3667 explicatio
1216 3607 1278 3647 non

105 3691 263 3772 probatur,
301 3691 330 3754 ei
364 3691 440 3755 licet
474 3691 601 3755 Bentlei
637 3692 852 3756 coniecturam
890 3691 1048 3774 accipere:
1089 3712 1278 3775 quocumque

75 3773 79 3793 Ι
103 3794 214 3877 foetum
237 3800 375 3879 nurnine,
401 3821 472 3881 quae
497 3797 679 3882 etJIJ'subtilis
703 3802 751 3862 est
775 3803 806 3862 et
829 3798 933 3862 facilis
952 3798 986 3880 1).
1023 3796 1139 3861 Melius
1163 3797 1279 3860 saltem

68 4024 71 4039 ,
208 3955 227 4018 ¹)
247 3959 365 4010 Numine
383 3965 460 4010 etiam
479 3965 564 4011 Keller
584 3965 608 4010 in
627 3978 678 4013 nna
698 3964 808 4010 editione
829 3965 941 4024 scripsit,
961 3965 1030 4023 quod
1050 3965 1084 4010 sit
1106 3964 1201 4020 „lectio
1215 3964 1278 4009 diffi-

68 4062 71 4075 '
102 4048 194 4108 cilior“,
225 4066 380 4112 quamquam
400 4054 425 4098 in
443 4054 542 4113 Epileg.
566 4054 722 4113 palinodiam
746 4055 844 4100 cecinit.
882 4049 994 4100 Factum
1013 4053 1044 4099 ab
1064 4053 1168 4110 Ungero
1187 4066 1281 4112 aceep-

68 4148 70 4155 '
101 4154 151 4188 -um
181 4128 230 4188 asti
