2766 4590
561 202 736 265 „43-

167 379 326 445 Praeterea
355 379 409 444 Gr.
441 403 479 444 ea
502 384 619 457 servat,
652 402 723 463 quae
748 379 819 443 aliis
844 379 963 444 criticis
986 379 1122 443 maxime
1146 377 1235 441 solli-

79 487 190 552 citudini
223 487 434 565 fuerunt,u
436 491 546 550 tsrt
584 489 603 550 8
639 510 711 551 cum
745 487 910 570 implicata
877 485 1113 549 taverborum
1148 508 1233 549 com·

78 594 213 678 positione
248 597 344 658 etst
331 595 454 671 tr.,lO
491 616 561 676 quae
591 616 642 657 eos
671 616 796 677 quoque
821 593 962 669 offendit,
939 592 1053 675 tqui,
1078 592 1234 675 quidquid

77 702 112 764 eis
131 723 187 765 non
210 701 342 784 placuit
319 701 501 765 tconfect'
478 704 537 763 tim
562 701 668 764 delere
692 700 803 764 nolint.
850 699 923 763 Ret
900 704 982 763 ttrne
1006 704 1061 762 aut
1063 721 1113 762 em
1137 703 1232 781 quat·

73 811 132 872 tuor
162 808 318 892 strophae,
355 808 470 890 quibus
505 808 641 871 servatis
670 808 748 870 adeo
771 811 914 870 mutatur
938 810 1173 890 argumentum,
1197 809 1234 868 ut

72 915 169 979 intacti
205 914 354 979 carminis
391 918 580 998 argumento
615 936 744 998 prorsus
779 914 821 976 sit
861 914 1065 977 contrarium.
1113 911 1167 976 Gr.
1194 913 1232 976 de

72 1020 122 1085 hac
142 1045 175 1085 re
203 1021 406 1100 ,simulans“,
431 1021 546 1104 inquit,
576 1043 626 1099 ,se
651 1043 719 1084 esse
744 1024 936 1096 contentum,
968 1024 1062 1103 poeta
1086 1019 1231 1103 dilegen-

70 1131 111 1192 ter
140 1111 229 1193 lectis
266 1131 297 1192 et
333 1128 513 1211 compositis
542 1128 649 1191 verbis
673 1127 835 1211 significat
867 1128 1008 1190 fautores
1032 1126 1094 1189 sibi
1118 1149 1233 1210 parum

68 1235 245 1298 consuluisse
280 1257 377 1318 seque
413 1257 448 1297 ex
484 1234 591 1318 inopia
614 1235 831 1297 tantummodo
861 1233 1027 1317 eripuisse,
1063 1237 1094 1296 et
1119 1237 1229 1316 aperte

67 1341 133 1405 dicit
154 1364 205 1405 eos
229 1342 291 1405 sibi
314 1342 407 1424 plura
431 1342 558 1403 daturos
583 1362 661 1417 esse,
686 1341 713 1402 si
737 1339 865 1403 literula
888 1363 951 1403 una
967 1339 1108 1423 petierit.
1156 1340 1226 1404 Hoc

65 1453 160 1512 tamen
193 1449 259 1511 iam
293 1448 380 1512 fecit.
431 1447 560 1511 Absunt
593 1470 705 1530 preces
735 1450 767 1510 et
791 1451 897 1510 tamen
922 1448 1065 1511 adsunt.“
1116 1445 1230 1529 Itaque

64 1577 113 1638 pro
134 1556 327 1619 continentia
352 1559 383 1618 et
406 1555 570 1631 modestia,
602 1576 673 1637 quae
696 1555 730 1617 in
753 1558 819 1617 toto
843 1555 983 1618 carmine
1007 1555 1126 1631 insunt,
1151 1576 1231 1637 quas

64 1659 132 1725 Hor.
155 1663 189 1725 in
212 1663 411 1746 repudianda
434 1661 692 1745 splendidissima
717 1661 896 1725 conditione
914 1661 1061 1738 ostendit,
1086 1683 1230 1744 quasque

63 1768 145 1832 valde
169 1769 374 1844 admiramur,
399 1769 566 1852 epistolam
589 1772 692 1852 poetae
717 1769 757 1831 ad
781 1768 897 1851 stipem
913 1791 1042 1831 manum
1059 1768 1229 1851 porrigen-

61 1875 98 1938 tis
119 1877 302 1960 accipimus.
339 1876 408 1940 Hoc
433 1875 487 1940 Gr.
513 1875 730 1959 hypercritica
753 1897 810 1937 sua
835 1878 903 1938 arte
926 1875 1079 1938 lucratur.
1125 1877 1230 1950 Quum

60 1981 222 2046 Horatium
244 1986 372 2067 poetam
397 1984 551 2066 optimum
576 1987 608 2046 et
631 1982 903 2066 perfectissimum
926 1982 1032 2046 facere
1055 1982 1118 2045 sibi
1138 1982 1228 2045 vide-

56 2091 116 2166 tur,
140 2090 292 2153 Horatius
314 2089 407 2153 homo
431 2090 468 2152 fit
490 2089 588 2153 miser
612 2093 644 2153 et
667 2090 821 2152 sordidus.

554 2697 724 2851 1111.

157 2923 240 2999 Quid
269 2924 330 3008 sibi
358 2923 437 2987 velit
460 2923 529 2988 haec
554 2925 610 2988 ode
636 2925 676 2987 ad
701 2924 923 3008 explicandum
945 2925 1055 2988 multae
1080 2927 1112 2988 et
1135 2925 1224 2988 mirae

59 3028 87 3092 in
107 3030 210 3094 lucem
233 3030 366 3114 prolatae
390 3035 464 3094 sunt
488 3031 661 3114 opiniones
702 3031 774 3095 Gru.
800 3031 878 3095 dicit
894 3031 1064 3095 Horatium
1079 3031 1225 3094 Lamiam

58 3158 74 3198 a
92 3137 165 3200 luxu
181 3137 406 3220 intempestivo
428 3138 589 3201 deterrere
606 3137 756 3201 voluisse!
794 3137 960 3202 Galianius
978 3142 1010 3201 et
1027 3138 1223 3202 Mitscherli-

8 3316 11 3323 Ι
57 3243 139 3307 chius
173 3244 207 3307 in
243 3244 382 3307 carmine
411 3244 546 3307 ironiam
575 3248 607 3308 et
630 3244 732 3307 fastus
756 3245 866 3328 stirpis
889 3244 1020 3327 superbi
1045 3245 1224 3308 irrisionem

8 3368 11 3437 ζ
56 3350 189 3414 vident*
221 3350 392 3421 Duentzer,
429 3351 484 3434 qui
524 3352 740 3429 ,subtiliorem
775 3351 951 3415 carminum
985 3351 1224 3415 horatianorum

54 3458 279 3542 cognitionem“
320 3458 444 3522 efficere
479 3458 558 3535 vult,
535 3458 778 3542 tsymbolica,
808 3462 843 3520 ut
867 3458 956 3521 aiunt
980 3457 1094 3535 Graeci,
1119 3459 1224 3522 omnia

53 3584 115 3627 ease
138 3568 242 3648 putat.
295 3563 560 3648 ,Argumeutum
566 3565 721 3648 “inquit,
752 3564 919 3642 ,carminis
935 3565 995 3628 hoc
1013 3569 1073 3628 est:
1098 3566 1222 3629 tamdiu

51 3671 163 3749 sinisti,
188 3671 341 3754 quamdiu
364 3671 495 3755 volupta
496 3615 583 3736 tibiis
607 3671 790 3735 tededisti.
837 3671 922 3734 Liris
946 3672 1052 3756 imago
1075 3673 1223 3737 celeriter

51 3778 265 3842 evanescentis
288 3782 453 3860 morteque
476 3779 666 3842 intereuntis
691 3779 765 3843 vitae
790 3781 856 3842 est¹‘
879 3779 914 3861 ¹).
961 3778 1091 3843 Annosa
1115 3781 1221 3844 cornix

156 4040 174 4104 ¹)
197 4051 253 4096 Hoc
272 4052 363 4096 saltem
382 4052 511 4111 discrepat
529 4066 544 4098 a
562 4053 640 4099 verbo
659 4049 807 4116 innantem,
826 4055 895 4114 quod
913 4055 986 4101 tarde
1005 4057 1030 4100 et
1049 4057 1117 4102 lente
1136 4057 1222 4102 laben·

44 4139 96 4185 tem
114 4139 184 4185 Liris
204 4151 296 4198 aquarn
315 4141 449 4198 significat.
