<?xml version="1.0" encoding="UTF-8"?>
<!DOCTYPE html PUBLIC "-//W3C//DTD XHTML 1.0 Transitional//EN"
    "http://www.w3.org/TR/xhtml1/DTD/xhtml1-transitional.dtd">
<html xmlns="http://www.w3.org/1999/xhtml" xml:lang="en" lang="en">
 <head>
  <title>
</title>
<meta http-equiv="Content-Type" content="text/html;charset=utf-8" />
  <meta name='ocr-system' content='tesseract 3.04.00' />
  <meta name='ocr-capabilities' content='ocr_page ocr_carea ocr_par ocr_line ocrx_word'/>
</head>
<body>
  <div class='ocr_page' id='page_1' title='image "./delocistertiiho00olssgoog_0012.png"; bbox 0 0 2766 4590; ppageno 0'>
   <div class='ocr_carea' id='block_1_1' title="bbox 10 105 1260 3290">
    <p class='ocr_par' dir='ltr' id='par_1_1' title="bbox 10 105 1260 2756">
     <span class='ocr_line' id='line_1_1' title="bbox 55 105 1223 183; baseline 0.004 -15"><span class='ocrx_word' id='word_1_1' title='bbox 55 106 104 168; x_wconf 89' lang='lat' dir='ltr'>sed</span> <span class='ocrx_word' id='word_1_2' title='bbox 140 107 398 169; x_wconf 91' lang='lat' dir='ltr'>commemoravit</span> <span class='ocrx_word' id='word_1_3' title='bbox 433 106 658 183; x_wconf 76' lang='lat' dir='ltr'>Quintilianus,</span> <span class='ocrx_word' id='word_1_4' title='bbox 695 105 774 171; x_wconf 88' lang='lat' dir='ltr'>lnst.</span> <span class='ocrx_word' id='word_1_5' title='bbox 810 107 865 172; x_wconf 88' lang='lat' dir='ltr'>IX:</span> <span class='ocrx_word' id='word_1_6' title='bbox 902 110 932 178; x_wconf 83' lang='lat'>3,</span> <span class='ocrx_word' id='word_1_7' title='bbox 964 110 1015 172; x_wconf 87' lang='grc'>18.</span> <span class='ocrx_word' id='word_1_8' title='bbox 1063 109 1223 173; x_wconf 80' lang='lat' dir='ltr'>Martialis</span> 
     </span>
     <span class='ocr_line' id='line_1_2' title="bbox 52 213 1224 296; baseline 0.004 -22"><span class='ocrx_word' id='word_1_9' title='bbox 52 213 154 296; x_wconf 91' lang='lat' dir='ltr'>tangit</span> <span class='ocrx_word' id='word_1_10' title='bbox 177 213 286 288; x_wconf 88' lang='lat' dir='ltr'>verba,</span> <span class='ocrx_word' id='word_1_11' title='bbox 311 236 382 295; x_wconf 85' lang='lat' dir='ltr'>quae</span> <span class='ocrx_word' id='word_1_12' title='bbox 406 215 536 276; x_wconf 89' lang='lat' dir='ltr'>suntin</span> <span class='ocrx_word' id='word_1_13' title='bbox 559 214 650 277; x_wconf 89' lang='lat' dir='ltr'>initio</span> <span class='ocrx_word' id='word_1_14' title='bbox 675 214 824 278; x_wconf 82' lang='lat' dir='ltr'>carminis</span> <span class='ocrx_word' id='word_1_15' title='bbox 848 213 872 278; x_wconf 93' lang='lat' dir='ltr'>l:</span> <span class='ocrx_word' id='word_1_16' title='bbox 894 217 922 291; x_wconf 84' lang='lat' dir='ltr'>l,</span> <span class='ocrx_word' id='word_1_17' title='bbox 941 215 1102 279; x_wconf 57' lang='lat' dir='ltr'>‚illecebras</span> <span class='ocrx_word' id='word_1_18' title='bbox 1121 219 1224 279; x_wconf 76' lang='lat' dir='ltr'>uteris</span> 
     </span>
     <span class='ocr_line' id='line_1_3' title="bbox 51 320 1225 406; baseline 0.003 -23"><span class='ocrx_word' id='word_1_19' title='bbox 51 321 181 404; x_wconf 72' lang='lat' dir='ltr'>ruptores,</span> <span class='ocrx_word' id='word_1_20' title='bbox 217 342 289 403; x_wconf 89' lang='lat' dir='ltr'>quae</span> <span class='ocrx_word' id='word_1_21' title='bbox 324 343 343 383; x_wconf 92' lang='lat' dir='ltr'>a</span> <span class='ocrx_word' id='word_1_22' title='bbox 376 321 484 383; x_wconf 93' lang='lat' dir='ltr'>multis</span> <span class='ocrx_word' id='word_1_23' title='bbox 513 321 622 404; x_wconf 89' lang='lat' dir='ltr'>spuria</span> <span class='ocrx_word' id='word_1_24' title='bbox 646 343 714 384; x_wconf 89' lang='lat' dir='ltr'>esse</span> <span class='ocrx_word' id='word_1_25' title='bbox 738 325 891 404; x_wconf 92' lang='lat' dir='ltr'>putantur</span> <span class='ocrx_word' id='word_1_26' title='bbox 909 323 944 404; x_wconf 83' lang='lat'>¹),</span> <span class='ocrx_word' id='word_1_27' title='bbox 991 320 1028 385; x_wconf 89' lang='lat' dir='ltr'>ln</span> <span class='ocrx_word' id='word_1_28' title='bbox 1052 323 1144 401; x_wconf 89' lang='lat' dir='ltr'>libro,</span> <span class='ocrx_word' id='word_1_29' title='bbox 1169 324 1225 406; x_wconf 93' lang='lat' dir='ltr'>qui</span> 
     </span>
     <span class='ocr_line' id='line_1_4' title="bbox 48 427 1222 513; baseline 0.002 -23"><span class='ocrx_word' id='word_1_30' title='bbox 48 428 235 492; x_wconf 72' lang='lat' dir='ltr'>inscribitur</span> <span class='ocrx_word' id='word_1_31' title='bbox 259 427 550 512; x_wconf 87' lang='lat' dir='ltr'>apocolocynthosis</span> <span class='ocrx_word' id='word_1_32' title='bbox 574 427 692 511; x_wconf 92' lang='lat' dir='ltr'>quique</span> <span class='ocrx_word' id='word_1_33' title='bbox 716 428 828 511; x_wconf 92' lang='lat' dir='ltr'>primis</span> <span class='ocrx_word' id='word_1_34' title='bbox 852 428 989 492; x_wconf 88' lang='lat' dir='ltr'>Neronis</span> <span class='ocrx_word' id='word_1_35' title='bbox 1013 429 1141 513; x_wconf 92' lang='lat' dir='ltr'>imperii</span> <span class='ocrx_word' id='word_1_36' title='bbox 1165 453 1222 492; x_wconf 90' lang='lat' dir='ltr'>an-</span> 
     </span>
     <span class='ocr_line' id='line_1_5' title="bbox 48 535 1222 618; baseline 0.002 -21"><span class='ocrx_word' id='word_1_37' title='bbox 48 535 95 597; x_wconf 88' lang='lat' dir='ltr'>nis</span> <span class='ocrx_word' id='word_1_38' title='bbox 121 559 140 597; x_wconf 92' lang='lat' dir='ltr'>a</span> <span class='ocrx_word' id='word_1_39' title='bbox 163 535 284 599; x_wconf 80' lang='lat' dir='ltr'>Seneca</span> <span class='ocrx_word' id='word_1_40' title='bbox 308 535 445 618; x_wconf 89' lang='lat' dir='ltr'>scriptus</span> <span class='ocrx_word' id='word_1_41' title='bbox 470 557 538 597; x_wconf 87' lang='lat' dir='ltr'>esse</span> <span class='ocrx_word' id='word_1_42' title='bbox 562 535 690 598; x_wconf 79' lang='lat' dir='ltr'>uidetur</span> <span class='ocrx_word' id='word_1_43' title='bbox 714 540 958 599; x_wconf 87' lang='lat' dir='ltr'>commemorata</span> <span class='ocrx_word' id='word_1_44' title='bbox 983 537 1095 600; x_wconf 89' lang='lat' dir='ltr'>estod.</span> <span class='ocrx_word' id='word_1_45' title='bbox 1113 535 1222 612; x_wconf 82' lang='lat'>11:13,</span> 
     </span>
     <span class='ocr_line' id='line_1_6' title="bbox 48 641 1222 726; baseline 0.002 -22"><span class='ocrx_word' id='word_1_46' title='bbox 48 643 99 704; x_wconf 77' lang='lat' dir='ltr'>reti</span> <span class='ocrx_word' id='word_1_47' title='bbox 124 642 241 704; x_wconf 71' lang='lat' dir='ltr'>lucebat</span> <span class='ocrx_word' id='word_1_48' title='bbox 266 642 423 721; x_wconf 78' lang='lat' dir='ltr'>Cerberus,</span> <span class='ocrx_word' id='word_1_49' title='bbox 459 642 504 704; x_wconf 69' lang='lat' dir='ltr'>vuel</span> <span class='ocrx_word' id='word_1_50' title='bbox 531 649 566 704; x_wconf 82' lang='lat' dir='ltr'>ut</span> <span class='ocrx_word' id='word_1_51' title='bbox 593 644 639 704; x_wconf 80' lang='lat' dir='ltr'>uit</span> <span class='ocrx_word' id='word_1_52' title='bbox 661 641 819 704; x_wconf 81' lang='lat' dir='ltr'>Horatius</span> <span class='ocrx_word' id='word_1_53' title='bbox 842 643 930 705; x_wconf 82' lang='lat' dir='ltr'>heluo</span> <span class='ocrx_word' id='word_1_54' title='bbox 954 645 1110 726; x_wconf 79' lang='lat' dir='ltr'>centiceps.</span> <span class='ocrx_word' id='word_1_55' title='bbox 1159 643 1222 706; x_wconf 85' lang='lat' dir='ltr'>Hic</span> 
     </span>
     <span class='ocr_line' id='line_1_7' title="bbox 48 747 1260 832; baseline 0.002 -21"><span class='ocrx_word' id='word_1_56' title='bbox 48 748 135 812; x_wconf 92' lang='lat' dir='ltr'>locus</span> <span class='ocrx_word' id='word_1_57' title='bbox 171 754 279 812; x_wconf 91' lang='lat' dir='ltr'>autem</span> <span class='ocrx_word' id='word_1_58' title='bbox 314 747 456 832; x_wconf 82' lang='lat' dir='ltr'>Gruppio</span> <span class='ocrx_word' id='word_1_59' title='bbox 493 752 525 811; x_wconf 89' lang='lat' dir='ltr'>et</span> <span class='ocrx_word' id='word_1_60' title='bbox 557 747 721 812; x_wconf 87' lang='lat' dir='ltr'>Ellendtio</span> <span class='ocrx_word' id='word_1_61' title='bbox 756 749 968 832; x_wconf 88' lang='lat' dir='ltr'>interpolatus</span> <span class='ocrx_word' id='word_1_62' title='bbox 998 772 1065 813; x_wconf 88' lang='lat' dir='ltr'>csse</span> <span class='ocrx_word' id='word_1_63' title='bbox 1088 750 1225 827; x_wconf 88' lang='lat' dir='ltr'>videtur,</span> <span class='ocrx_word' id='word_1_64' title='bbox 1257 781 1260 787; x_wconf 56' lang='lat'><strong><em>¹</em></strong></span> 
     </span>
     <span class='ocr_line' id='line_1_8' title="bbox 49 855 1226 941; baseline 0 -23"><span class='ocrx_word' id='word_1_65' title='bbox 49 859 108 920; x_wconf 90' lang='lat' dir='ltr'>etc.</span> <span class='ocrx_word' id='word_1_66' title='bbox 157 855 228 918; x_wconf 83' lang='lat' dir='ltr'>Tali</span> <span class='ocrx_word' id='word_1_67' title='bbox 263 856 353 920; x_wconf 90' lang='lat' dir='ltr'>modo</span> <span class='ocrx_word' id='word_1_68' title='bbox 381 855 652 939; x_wconf 77' lang='lat' dir='ltr'>interpolationes,</span> <span class='ocrx_word' id='word_1_69' title='bbox 689 878 759 938; x_wconf 88' lang='lat' dir='ltr'>quae</span> <span class='ocrx_word' id='word_1_70' title='bbox 784 856 941 927; x_wconf 82' lang='lat' dir='ltr'>feruntur,</span> <span class='ocrx_word' id='word_1_71' title='bbox 965 856 1111 941; x_wconf 88' lang='lat' dir='ltr'>vestigiis</span> <span class='ocrx_word' id='word_1_72' title='bbox 1135 857 1226 939; x_wconf 89' lang='lat' dir='ltr'>sequi</span> 
     </span>
     <span class='ocr_line' id='line_1_9' title="bbox 49 963 1226 1045; baseline 0 -20"><span class='ocrx_word' id='word_1_73' title='bbox 49 985 226 1045; x_wconf 83' lang='lat' dir='ltr'>possumus,</span> <span class='ocrx_word' id='word_1_74' title='bbox 263 964 360 1027; x_wconf 89' lang='lat' dir='ltr'>donec</span> <span class='ocrx_word' id='word_1_75' title='bbox 400 963 496 1040; x_wconf 88' lang='lat' dir='ltr'>,adeo</span> <span class='ocrx_word' id='word_1_76' title='bbox 527 963 659 1045; x_wconf 90' lang='lat' dir='ltr'>antiqua</span> <span class='ocrx_word' id='word_1_77' title='bbox 689 963 778 1039; x_wconf 90' lang='lat' dir='ltr'>fiant,</span> <span class='ocrx_word' id='word_1_78' title='bbox 803 966 839 1025; x_wconf 94' lang='lat' dir='ltr'>ut</span> <span class='ocrx_word' id='word_1_79' title='bbox 863 964 902 1025; x_wconf 87' lang='lat' dir='ltr'>ad</span> <span class='ocrx_word' id='word_1_80' title='bbox 926 963 1032 1045; x_wconf 90' lang='lat' dir='ltr'>ipsum</span> <span class='ocrx_word' id='word_1_81' title='bbox 1055 963 1226 1026; x_wconf 87' lang='lat' dir='ltr'>Horatium</span> 
     </span>
     <span class='ocr_line' id='line_1_10' title="bbox 51 1069 1226 1153; baseline -0.002 -20"><span class='ocrx_word' id='word_1_82' title='bbox 51 1074 212 1133; x_wconf 84' lang='lat' dir='ltr'>auctorem</span> <span class='ocrx_word' id='word_1_83' title='bbox 247 1071 436 1134; x_wconf 81' lang='lat' dir='ltr'>ascendant“</span> <span class='ocrx_word' id='word_1_84' title='bbox 458 1070 494 1152; x_wconf 75' lang='lat'>²).</span> <span class='ocrx_word' id='word_1_85' title='bbox 542 1069 650 1133; x_wconf 82' lang='lat' dir='ltr'>Etiam</span> <span class='ocrx_word' id='word_1_86' title='bbox 686 1070 757 1134; x_wconf 85' lang='lat' dir='ltr'>aliae</span> <span class='ocrx_word' id='word_1_87' title='bbox 792 1091 842 1133; x_wconf 90' lang='lat' dir='ltr'>res</span> <span class='ocrx_word' id='word_1_88' title='bbox 877 1074 951 1133; x_wconf 89' lang='lat' dir='ltr'>sunt</span> <span class='ocrx_word' id='word_1_89' title='bbox 980 1073 1074 1153; x_wconf 83' lang='lat' dir='ltr'>aptae,</span> <span class='ocrx_word' id='word_1_90' title='bbox 1110 1070 1226 1152; x_wconf 91' lang='lat' dir='ltr'>quibus</span> 
     </span>
     <span class='ocr_line' id='line_1_11' title="bbox 51 1175 1227 1260; baseline 0 -21"><span class='ocrx_word' id='word_1_91' title='bbox 51 1178 148 1240; x_wconf 89' lang='lat' dir='ltr'>nimia</span> <span class='ocrx_word' id='word_1_92' title='bbox 178 1177 438 1260; x_wconf 85' lang='lat' dir='ltr'>interpolationes</span> <span class='ocrx_word' id='word_1_93' title='bbox 462 1176 624 1240; x_wconf 88' lang='lat' dir='ltr'>statuendi</span> <span class='ocrx_word' id='word_1_94' title='bbox 648 1176 747 1239; x_wconf 90' lang='lat' dir='ltr'>libido</span> <span class='ocrx_word' id='word_1_95' title='bbox 771 1176 986 1240; x_wconf 85' lang='lat' dir='ltr'>coherceatur.</span> <span class='ocrx_word' id='word_1_96' title='bbox 1033 1175 1154 1241; x_wconf 85' lang='lat' dir='ltr'>Notum</span> <span class='ocrx_word' id='word_1_97' title='bbox 1179 1181 1227 1239; x_wconf 90' lang='lat' dir='ltr'>est</span> 
     </span>
     <span class='ocr_line' id='line_1_12' title="bbox 53 1282 1227 1376; baseline -0.002 -30"><span class='ocrx_word' id='word_1_98' title='bbox 53 1287 260 1376; x_wconf 85' lang='lat' dir='ltr'>systematum</span> <span class='ocrx_word' id='word_1_99' title='bbox 295 1284 458 1366; x_wconf 90' lang='lat' dir='ltr'>quaternis</span> <span class='ocrx_word' id='word_1_100' title='bbox 487 1283 630 1346; x_wconf 86' lang='lat' dir='ltr'>versibus</span> <span class='ocrx_word' id='word_1_101' title='bbox 660 1283 872 1346; x_wconf 90' lang='lat' dir='ltr'>constantium</span> <span class='ocrx_word' id='word_1_102' title='bbox 895 1287 1014 1366; x_wconf 88' lang='lat' dir='ltr'>praeter</span> <span class='ocrx_word' id='word_1_103' title='bbox 1037 1282 1227 1366; x_wconf 86' lang='lat' dir='ltr'>sapphicum</span> 
     </span>
     <span class='ocr_line' id='line_1_13' title="bbox 55 1389 1226 1473; baseline -0.002 -19"><span class='ocrx_word' id='word_1_104' title='bbox 55 1395 83 1454; x_wconf 91' lang='lat' dir='ltr'>et</span> <span class='ocrx_word' id='word_1_105' title='bbox 118 1391 274 1455; x_wconf 86' lang='lat' dir='ltr'>alcaicum</span> <span class='ocrx_word' id='word_1_106' title='bbox 310 1395 341 1454; x_wconf 91' lang='lat' dir='ltr'>et</span> <span class='ocrx_word' id='word_1_107' title='bbox 376 1391 523 1473; x_wconf 89' lang='lat' dir='ltr'>quaedam</span> <span class='ocrx_word' id='word_1_108' title='bbox 558 1390 758 1473; x_wconf 87' lang='lat' dir='ltr'>asclepiadea</span> <span class='ocrx_word' id='word_1_109' title='bbox 781 1390 902 1452; x_wconf 90' lang='lat' dir='ltr'>nullam</span> <span class='ocrx_word' id='word_1_110' title='bbox 927 1391 1051 1453; x_wconf 93' lang='lat' dir='ltr'>omnino</span> <span class='ocrx_word' id='word_1_111' title='bbox 1075 1389 1226 1452; x_wconf 89' lang='lat' dir='ltr'>habuisse</span> 
     </span>
     <span class='ocr_line' id='line_1_14' title="bbox 54 1496 1222 1582; baseline -0.001 -22"><span class='ocrx_word' id='word_1_112' title='bbox 54 1499 198 1562; x_wconf 82' lang='lat' dir='ltr'>not&#39;tiam</span> <span class='ocrx_word' id='word_1_113' title='bbox 221 1501 345 1561; x_wconf 84' lang='lat' dir='ltr'>veteres</span> <span class='ocrx_word' id='word_1_114' title='bbox 369 1497 603 1582; x_wconf 88' lang='lat' dir='ltr'>grammaticos.</span> <span class='ocrx_word' id='word_1_115' title='bbox 641 1496 758 1559; x_wconf 90' lang='lat' dir='ltr'>Nostra</span> <span class='ocrx_word' id='word_1_116' title='bbox 782 1497 909 1560; x_wconf 90' lang='lat' dir='ltr'>demum</span> <span class='ocrx_word' id='word_1_117' title='bbox 930 1500 1025 1560; x_wconf 87' lang='lat' dir='ltr'>aetate</span> <span class='ocrx_word' id='word_1_118' title='bbox 1042 1496 1222 1560; x_wconf 81' lang='lat' dir='ltr'>Meinelrius</span> 
     </span>
     <span class='ocr_line' id='line_1_15' title="bbox 56 1603 1227 1688; baseline -0.001 -22"><span class='ocrx_word' id='word_1_119' title='bbox 56 1609 84 1666; x_wconf 88' lang='lat' dir='ltr'>et</span> <span class='ocrx_word' id='word_1_120' title='bbox 105 1604 240 1669; x_wconf 88' lang='lat' dir='ltr'>Lachm.</span> <span class='ocrx_word' id='word_1_121' title='bbox 264 1604 361 1688; x_wconf 90' lang='lat' dir='ltr'>primi</span> <span class='ocrx_word' id='word_1_122' title='bbox 384 1605 543 1680; x_wconf 81' lang='lat' dir='ltr'>viderunt,</span> <span class='ocrx_word' id='word_1_123' title='bbox 568 1604 684 1667; x_wconf 87' lang='lat' dir='ltr'>Horati</span> <span class='ocrx_word' id='word_1_124' title='bbox 708 1603 850 1667; x_wconf 89' lang='lat' dir='ltr'>carmina</span> <span class='ocrx_word' id='word_1_125' title='bbox 873 1603 1027 1686; x_wconf 90' lang='lat' dir='ltr'>pleraque</span> <span class='ocrx_word' id='word_1_126' title='bbox 1053 1603 1156 1666; x_wconf 90' lang='lat' dir='ltr'>omnia</span> <span class='ocrx_word' id='word_1_127' title='bbox 1180 1604 1227 1666; x_wconf 88' lang='lat' dir='ltr'>ita</span> 
     </span>
     <span class='ocr_line' id='line_1_16' title="bbox 10 1709 1227 1794; baseline 0 -22"><span class='ocrx_word' id='word_1_128' title='bbox 10 1710 12 1771; x_wconf 79' lang='lat'><strong><em>1</em></strong></span> <span class='ocrx_word' id='word_1_129' title='bbox 57 1711 273 1774; x_wconf 87' lang='lat' dir='ltr'>distribuenda</span> <span class='ocrx_word' id='word_1_130' title='bbox 298 1734 375 1776; x_wconf 89' lang='lat' dir='ltr'>esse.</span> <span class='ocrx_word' id='word_1_131' title='bbox 411 1710 552 1775; x_wconf 89' lang='lat' dir='ltr'>Peerlc:o</span> <span class='ocrx_word' id='word_1_132' title='bbox 579 1714 686 1773; x_wconf 89' lang='lat' dir='ltr'>autem</span> <span class='ocrx_word' id='word_1_133' title='bbox 709 1709 768 1774; x_wconf 93' lang='lat' dir='ltr'>hoc</span> <span class='ocrx_word' id='word_1_134' title='bbox 784 1709 930 1794; x_wconf 90' lang='lat' dir='ltr'>ignotum</span> <span class='ocrx_word' id='word_1_135' title='bbox 948 1714 1026 1786; x_wconf 91' lang='lat' dir='ltr'>erat,</span> <span class='ocrx_word' id='word_1_136' title='bbox 1052 1713 1083 1773; x_wconf 90' lang='lat' dir='ltr'>et</span> <span class='ocrx_word' id='word_1_137' title='bbox 1100 1711 1138 1773; x_wconf 92' lang='lat' dir='ltr'>ob</span> <span class='ocrx_word' id='word_1_138' title='bbox 1156 1732 1227 1773; x_wconf 92' lang='lat' dir='ltr'>eam</span> 
     </span>
     <span class='ocr_line' id='line_1_17' title="bbox 10 1816 1225 1900; baseline -0.001 -20"><span class='ocrx_word' id='word_1_139' title='bbox 10 1816 14 1861; x_wconf 69' lang='lat'>5»</span> <span class='ocrx_word' id='word_1_140' title='bbox 58 1818 150 1881; x_wconf 89' lang='lat' dir='ltr'>solam</span> <span class='ocrx_word' id='word_1_141' title='bbox 178 1841 246 1882; x_wconf 90' lang='lat' dir='ltr'>rem</span> <span class='ocrx_word' id='word_1_142' title='bbox 275 1818 435 1882; x_wconf 85' lang='lat' dir='ltr'>atheteses</span> <span class='ocrx_word' id='word_1_143' title='bbox 459 1818 545 1880; x_wconf 91' lang='lat' dir='ltr'>haud</span> <span class='ocrx_word' id='word_1_144' title='bbox 568 1839 678 1900; x_wconf 85' lang='lat' dir='ltr'>paucae</span> <span class='ocrx_word' id='word_1_145' title='bbox 704 1817 744 1879; x_wconf 89' lang='lat' dir='ltr'>ab</span> <span class='ocrx_word' id='word_1_146' title='bbox 769 1839 804 1880; x_wconf 93' lang='lat' dir='ltr'>eo</span> <span class='ocrx_word' id='word_1_147' title='bbox 828 1816 922 1880; x_wconf 83' lang='lat' dir='ltr'>factae</span> <span class='ocrx_word' id='word_1_148' title='bbox 947 1816 1116 1880; x_wconf 89' lang='lat' dir='ltr'>reiciendae</span> <span class='ocrx_word' id='word_1_149' title='bbox 1141 1820 1225 1879; x_wconf 91' lang='lat' dir='ltr'>sunt.</span> 
     </span>
     <span class='ocr_line' id='line_1_18' title="bbox 59 1923 1227 2008; baseline -0.002 -21"><span class='ocrx_word' id='word_1_150' title='bbox 59 1923 124 1990; x_wconf 90' lang='lat' dir='ltr'>Huc</span> <span class='ocrx_word' id='word_1_151' title='bbox 160 1925 293 2001; x_wconf 90' lang='lat' dir='ltr'>accedit,</span> <span class='ocrx_word' id='word_1_152' title='bbox 330 1926 412 2008; x_wconf 89' lang='lat' dir='ltr'>quod</span> <span class='ocrx_word' id='word_1_153' title='bbox 442 1924 538 1988; x_wconf 88' lang='lat' dir='ltr'>etiam</span> <span class='ocrx_word' id='word_1_154' title='bbox 563 1923 793 1988; x_wconf 90' lang='lat' dir='ltr'>recentioribus</span> <span class='ocrx_word' id='word_1_155' title='bbox 816 1924 1013 2006; x_wconf 86' lang='lat' dir='ltr'>temporibus</span> <span class='ocrx_word' id='word_1_156' title='bbox 1037 1923 1070 1986; x_wconf 91' lang='lat' dir='ltr'>in</span> <span class='ocrx_word' id='word_1_157' title='bbox 1094 1923 1227 1987; x_wconf 79' lang='lat' dir='ltr'>diuersis</span> 
     </span>
     <span class='ocr_line' id='line_1_19' title="bbox 60 2029 1226 2116; baseline -0.002 -22"><span class='ocrx_word' id='word_1_158' title='bbox 60 2029 168 2095; x_wconf 89' lang='lat' dir='ltr'>Horati</span> <span class='ocrx_word' id='word_1_159' title='bbox 203 2032 294 2095; x_wconf 90' lang='lat' dir='ltr'>libris</span> <span class='ocrx_word' id='word_1_160' title='bbox 323 2032 465 2116; x_wconf 90' lang='lat' dir='ltr'>insignes</span> <span class='ocrx_word' id='word_1_161' title='bbox 493 2031 634 2094; x_wconf 85' lang='lat' dir='ltr'>metricae</span> <span class='ocrx_word' id='word_1_162' title='bbox 660 2030 934 2093; x_wconf 87' lang='lat' dir='ltr'>dissimilitudines</span> <span class='ocrx_word' id='word_1_163' title='bbox 957 2030 1118 2114; x_wconf 79' lang='lat' dir='ltr'>indagata</span> <span class='ocrx_word' id='word_1_164' title='bbox 1142 2033 1226 2107; x_wconf 88' lang='lat' dir='ltr'>sunt,</span> 
     </span>
     <span class='ocr_line' id='line_1_20' title="bbox 61 2137 1227 2222; baseline -0.001 -22"><span class='ocrx_word' id='word_1_165' title='bbox 61 2137 92 2202; x_wconf 89' lang='lat' dir='ltr'>de</span> <span class='ocrx_word' id='word_1_166' title='bbox 126 2139 243 2221; x_wconf 91' lang='lat' dir='ltr'>quibus</span> <span class='ocrx_word' id='word_1_167' title='bbox 279 2139 376 2201; x_wconf 87' lang='lat' dir='ltr'>etiam</span> <span class='ocrx_word' id='word_1_168' title='bbox 404 2138 607 2222; x_wconf 85' lang='lat' dir='ltr'>grammatici</span> <span class='ocrx_word' id='word_1_169' title='bbox 634 2137 715 2199; x_wconf 90' lang='lat' dir='ltr'>nihil</span> <span class='ocrx_word' id='word_1_170' title='bbox 739 2141 935 2220; x_wconf 91' lang='lat' dir='ltr'>compertum</span> <span class='ocrx_word' id='word_1_171' title='bbox 958 2137 1131 2212; x_wconf 76' lang='lat' dir='ltr'>habebant,</span> <span class='ocrx_word' id='word_1_172' title='bbox 1156 2158 1227 2218; x_wconf 83' lang='lat' dir='ltr'>quae</span> 
     </span>
     <span class='ocr_line' id='line_1_21' title="bbox 10 2243 1228 2329; baseline -0.002 -21"><span class='ocrx_word' id='word_1_173' title='bbox 10 2322 12 2329; x_wconf 28' lang='grc' dir='ltr'>Ι</span> <span class='ocrx_word' id='word_1_174' title='bbox 60 2248 161 2309; x_wconf 87' lang='lat' dir='ltr'>tamen</span> <span class='ocrx_word' id='word_1_175' title='bbox 189 2246 223 2308; x_wconf 91' lang='lat' dir='ltr'>in</span> <span class='ocrx_word' id='word_1_176' title='bbox 252 2246 307 2321; x_wconf 88' lang='lat' dir='ltr'>eis,</span> <span class='ocrx_word' id='word_1_177' title='bbox 343 2268 414 2329; x_wconf 85' lang='lat' dir='ltr'>quae</span> <span class='ocrx_word' id='word_1_178' title='bbox 438 2245 518 2309; x_wconf 88' lang='lat' dir='ltr'>falso</span> <span class='ocrx_word' id='word_1_179' title='bbox 542 2244 662 2307; x_wconf 90' lang='lat' dir='ltr'>inserta</span> <span class='ocrx_word' id='word_1_180' title='bbox 687 2266 754 2306; x_wconf 88' lang='lat' dir='ltr'>csse</span> <span class='ocrx_word' id='word_1_181' title='bbox 778 2244 937 2320; x_wconf 89' lang='lat' dir='ltr'>dicuntur,</span> <span class='ocrx_word' id='word_1_182' title='bbox 963 2243 1052 2307; x_wconf 90' lang='lat' dir='ltr'>etin</span> <span class='ocrx_word' id='word_1_183' title='bbox 1076 2243 1131 2319; x_wconf 91' lang='lat' dir='ltr'>eis,</span> <span class='ocrx_word' id='word_1_184' title='bbox 1156 2265 1228 2325; x_wconf 86' lang='lat' dir='ltr'>quac</span> 
     </span>
     <span class='ocr_line' id='line_1_22' title="bbox 62 2349 1228 2437; baseline -0.003 -23"><span class='ocrx_word' id='word_1_185' title='bbox 62 2373 159 2416; x_wconf 89' lang='lat' dir='ltr'>omnes</span> <span class='ocrx_word' id='word_1_186' title='bbox 196 2374 349 2437; x_wconf 88' lang='lat' dir='ltr'>germana</span> <span class='ocrx_word' id='word_1_187' title='bbox 385 2374 452 2415; x_wconf 90' lang='lat' dir='ltr'>esse</span> <span class='ocrx_word' id='word_1_188' title='bbox 476 2355 601 2435; x_wconf 91' lang='lat' dir='ltr'>putant,</span> <span class='ocrx_word' id='word_1_189' title='bbox 631 2373 721 2433; x_wconf 87' lang='lat' dir='ltr'>aeque</span> <span class='ocrx_word' id='word_1_190' title='bbox 744 2351 959 2414; x_wconf 88' lang='lat' dir='ltr'>inveniuntur.</span> <span class='ocrx_word' id='word_1_191' title='bbox 1007 2349 1074 2426; x_wconf 79' lang='lat' dir='ltr'>Quo</span> <span class='ocrx_word' id='word_1_192' title='bbox 1098 2350 1228 2412; x_wconf 87' lang='lat' dir='ltr'>tandem</span> 
     </span>
     <span class='ocr_line' id='line_1_23' title="bbox 61 2456 1229 2542; baseline -0.003 -20"><span class='ocrx_word' id='word_1_193' title='bbox 61 2480 128 2522; x_wconf 89' lang='lat' dir='ltr'>casu</span> <span class='ocrx_word' id='word_1_194' title='bbox 162 2458 407 2542; x_wconf 88' lang='lat' dir='ltr'>interpolatores</span> <span class='ocrx_word' id='word_1_195' title='bbox 442 2456 522 2541; x_wconf 88' lang='lat' dir='ltr'>(qui,</span> <span class='ocrx_word' id='word_1_196' title='bbox 548 2462 584 2520; x_wconf 92' lang='lat' dir='ltr'>ut</span> <span class='ocrx_word' id='word_1_197' title='bbox 609 2480 706 2541; x_wconf 92' lang='lat' dir='ltr'>supra</span> <span class='ocrx_word' id='word_1_198' title='bbox 735 2457 879 2533; x_wconf 82' lang='lat' dir='ltr'>diximus,</span> <span class='ocrx_word' id='word_1_199' title='bbox 904 2457 1107 2541; x_wconf 84' lang='lat' dir='ltr'>grammatici</span> <span class='ocrx_word' id='word_1_200' title='bbox 1130 2456 1229 2519; x_wconf 84' lang='lat' dir='ltr'>fuisse</span> 
     </span>
     <span class='ocr_line' id='line_1_24' title="bbox 60 2564 1230 2648; baseline -0.003 -20"><span class='ocrx_word' id='word_1_201' title='bbox 60 2567 240 2648; x_wconf 78' lang='lat' dir='ltr'>creduntur)</span> <span class='ocrx_word' id='word_1_202' title='bbox 263 2565 414 2630; x_wconf 91' lang='lat' dir='ltr'>metricas</span> <span class='ocrx_word' id='word_1_203' title='bbox 437 2588 488 2628; x_wconf 91' lang='lat' dir='ltr'>res</span> <span class='ocrx_word' id='word_1_204' title='bbox 512 2566 732 2642; x_wconf 79' lang='lat' dir='ltr'>observarunt,</span> <span class='ocrx_word' id='word_1_205' title='bbox 757 2587 893 2647; x_wconf 91' lang='lat' dir='ltr'>quarum</span> <span class='ocrx_word' id='word_1_206' title='bbox 913 2564 977 2647; x_wconf 92' lang='lat' dir='ltr'>ipsi</span> <span class='ocrx_word' id='word_1_207' title='bbox 992 2586 1120 2647; x_wconf 93' lang='lat' dir='ltr'>prorsus</span> <span class='ocrx_word' id='word_1_208' title='bbox 1137 2567 1230 2626; x_wconf 89' lang='lat' dir='ltr'>erant</span> 
     </span>
     <span class='ocr_line' id='line_1_25' title="bbox 59 2671 224 2756; baseline 0.012 -22"><span class='ocrx_word' id='word_1_209' title='bbox 59 2671 181 2756; x_wconf 81' lang='lat' dir='ltr'>ignari?</span> <span class='ocrx_word' id='word_1_210' title='bbox 197 2673 224 2755; x_wconf 76' lang='lat'>³)</span> 
     </span>
    </p>

    <p class='ocr_par' dir='ltr' id='par_1_2' title="bbox 56 2776 1228 3290">
     <span class='ocr_line' id='line_1_26' title="bbox 159 2776 1228 2862; baseline -0.005 -19"><span class='ocrx_word' id='word_1_211' title='bbox 159 2778 221 2842; x_wconf 91' lang='lat' dir='ltr'>His</span> <span class='ocrx_word' id='word_1_212' title='bbox 257 2784 289 2842; x_wconf 91' lang='lat' dir='ltr'>et</span> <span class='ocrx_word' id='word_1_213' title='bbox 324 2779 394 2842; x_wconf 90' lang='lat' dir='ltr'>aliis</span> <span class='ocrx_word' id='word_1_214' title='bbox 422 2780 517 2842; x_wconf 90' lang='lat' dir='ltr'>rebus</span> <span class='ocrx_word' id='word_1_215' title='bbox 540 2778 805 2862; x_wconf 90' lang='lat' dir='ltr'>prudentissimus</span> <span class='ocrx_word' id='word_1_216' title='bbox 829 2777 963 2860; x_wconf 87' lang='lat' dir='ltr'>quisque</span> <span class='ocrx_word' id='word_1_217' title='bbox 988 2776 1166 2853; x_wconf 89' lang='lat' dir='ltr'>adducitur,</span> <span class='ocrx_word' id='word_1_218' title='bbox 1190 2780 1228 2838; x_wconf 94' lang='lat' dir='ltr'>ut</span> 
     </span>
     <span class='ocr_line' id='line_1_27' title="bbox 57 2883 1228 2970; baseline -0.003 -21"><span class='ocrx_word' id='word_1_219' title='bbox 57 2884 223 2970; x_wconf 88' lang='lat' dir='ltr'>intellegat</span> <span class='ocrx_word' id='word_1_220' title='bbox 251 2886 522 2970; x_wconf 89' lang='lat' dir='ltr'>interpolationes,</span> <span class='ocrx_word' id='word_1_221' title='bbox 559 2907 630 2968; x_wconf 86' lang='lat' dir='ltr'>quse</span> <span class='ocrx_word' id='word_1_222' title='bbox 654 2884 783 2967; x_wconf 90' lang='lat' dir='ltr'>quidem</span> <span class='ocrx_word' id='word_1_223' title='bbox 807 2883 902 2946; x_wconf 84' lang='lat' dir='ltr'>salvae</span> <span class='ocrx_word' id='word_1_224' title='bbox 927 2883 967 2946; x_wconf 91' lang='lat' dir='ltr'>ad</span> <span class='ocrx_word' id='word_1_225' title='bbox 989 2887 1131 2946; x_wconf 87' lang='lat' dir='ltr'>nostram</span> <span class='ocrx_word' id='word_1_226' title='bbox 1153 2905 1228 2966; x_wconf 90' lang='lat' dir='ltr'>per-</span> 
     </span>
     <span class='ocr_line' id='line_1_28' title="bbox 57 2989 1228 3076; baseline -0.005 -20"><span class='ocrx_word' id='word_1_227' title='bbox 57 2993 201 3056; x_wconf 83' lang='lat' dir='ltr'>venerint</span> <span class='ocrx_word' id='word_1_228' title='bbox 225 2996 364 3070; x_wconf 85' lang='lat' dir='ltr'>aetatem,</span> <span class='ocrx_word' id='word_1_229' title='bbox 388 2992 596 3076; x_wconf 90' lang='lat' dir='ltr'>paucissimas</span> <span class='ocrx_word' id='word_1_230' title='bbox 622 3013 698 3055; x_wconf 92' lang='lat' dir='ltr'>esse.</span> <span class='ocrx_word' id='word_1_231' title='bbox 746 2990 780 3055; x_wconf 84' lang='lat' dir='ltr'>Si</span> <span class='ocrx_word' id='word_1_232' title='bbox 796 2991 922 3073; x_wconf 90' lang='lat' dir='ltr'>quando</span> <span class='ocrx_word' id='word_1_233' title='bbox 938 2989 1098 3073; x_wconf 83' lang='lat' dir='ltr'>profusius</span> <span class='ocrx_word' id='word_1_234' title='bbox 1115 2989 1228 3052; x_wconf 86' lang='lat' dir='ltr'>extite-</span> 
     </span>
     <span class='ocr_line' id='line_1_29' title="bbox 56 3095 1228 3183; baseline -0.004 -21"><span class='ocrx_word' id='word_1_235' title='bbox 56 3103 139 3176; x_wconf 90' lang='lat' dir='ltr'>runt,</span> <span class='ocrx_word' id='word_1_236' title='bbox 163 3099 254 3162; x_wconf 90' lang='lat' dir='ltr'>initio</span> <span class='ocrx_word' id='word_1_237' title='bbox 278 3098 414 3183; x_wconf 87' lang='lat' dir='ltr'>repulsae</span> <span class='ocrx_word' id='word_1_238' title='bbox 438 3099 511 3176; x_wconf 91' lang='lat' dir='ltr'>sint,</span> <span class='ocrx_word' id='word_1_239' title='bbox 536 3120 664 3163; x_wconf 88' lang='lat' dir='ltr'>necesse</span> <span class='ocrx_word' id='word_1_240' title='bbox 689 3101 747 3161; x_wconf 90' lang='lat' dir='ltr'>est.</span> <span class='ocrx_word' id='word_1_241' title='bbox 794 3095 863 3169; x_wconf 88' lang='lat' dir='ltr'>lam</span> <span class='ocrx_word' id='word_1_242' title='bbox 887 3100 993 3159; x_wconf 93' lang='lat' dir='ltr'>autem</span> <span class='ocrx_word' id='word_1_243' title='bbox 1015 3095 1139 3177; x_wconf 91' lang='lat' dir='ltr'>antiqui</span> <span class='ocrx_word' id='word_1_244' title='bbox 1155 3095 1228 3157; x_wconf 90' lang='lat' dir='ltr'>dili·</span> 
     </span>
     <span class='ocr_line' id='line_1_30' title="bbox 56 3202 1228 3290; baseline -0.005 -21"><span class='ocrx_word' id='word_1_245' title='bbox 56 3210 169 3290; x_wconf 83' lang='lat' dir='ltr'>genter</span> <span class='ocrx_word' id='word_1_246' title='bbox 205 3205 337 3283; x_wconf 85' lang='lat' dir='ltr'>cavisse,</span> <span class='ocrx_word' id='word_1_247' title='bbox 372 3228 411 3268; x_wconf 91' lang='lat' dir='ltr'>ue</span> <span class='ocrx_word' id='word_1_248' title='bbox 440 3205 628 3288; x_wconf 90' lang='lat' dir='ltr'>irreperent,</span> <span class='ocrx_word' id='word_1_249' title='bbox 660 3208 692 3267; x_wconf 92' lang='lat' dir='ltr'>et</span> <span class='ocrx_word' id='word_1_250' title='bbox 716 3226 732 3266; x_wconf 94' lang='lat' dir='ltr'>e</span> <span class='ocrx_word' id='word_1_251' title='bbox 756 3202 887 3267; x_wconf 84' lang='lat' dir='ltr'>Suetoni</span> <span class='ocrx_word' id='word_1_252' title='bbox 909 3202 1016 3266; x_wconf 83' lang='lat' dir='ltr'>verbis</span> <span class='ocrx_word' id='word_1_253' title='bbox 1040 3223 1228 3265; x_wconf 91' lang='lat' dir='ltr'>commemo-</span> 
     </span>
    </p>
   </div>
   <div class='ocr_carea' id='block_1_2' title="bbox 131 3504 995 3570">
    <p class='ocr_par' dir='ltr' id='par_1_3' title="bbox 131 3504 995 3570">
     <span class='ocr_line' id='line_1_31' title="bbox 131 3504 995 3570; baseline -0.006 -11"><span class='ocrx_word' id='word_1_254' title='bbox 131 3504 148 3567; x_wconf 85' lang='lat'>¹)</span> <span class='ocrx_word' id='word_1_255' title='bbox 168 3513 226 3559; x_wconf 90' lang='lat' dir='ltr'>XII:</span> <span class='ocrx_word' id='word_1_256' title='bbox 247 3514 271 3568; x_wconf 86' lang='lat'>4,</span> <span class='ocrx_word' id='word_1_257' title='bbox 291 3513 364 3567; x_wconf 84' lang='lat' dir='ltr'>Quod</span> <span class='ocrx_word' id='word_1_258' title='bbox 383 3513 473 3559; x_wconf 86' lang='lat' dir='ltr'>Flacco</span> <span class='ocrx_word' id='word_1_259' title='bbox 492 3512 619 3570; x_wconf 89' lang='lat' dir='ltr'>Varioque</span> <span class='ocrx_word' id='word_1_260' title='bbox 637 3511 695 3566; x_wconf 87' lang='lat' dir='ltr'>fuit,</span> <span class='ocrx_word' id='word_1_261' title='bbox 716 3523 866 3568; x_wconf 89' lang='lat' dir='ltr'>summoque</span> <span class='ocrx_word' id='word_1_262' title='bbox 888 3509 995 3563; x_wconf 84' lang='lat' dir='ltr'>Maroni,</span> 
     </span>
    </p>
   </div>
   <div class='ocr_carea' id='block_1_3' title="bbox 130 3600 1229 3839">
    <p class='ocr_par' dir='ltr' id='par_1_4' title="bbox 130 3600 1229 3839">
     <span class='ocr_line' id='line_1_32' title="bbox 288 3600 904 3658; baseline -0.008 -9"><span class='ocrx_word' id='word_1_263' title='bbox 288 3603 412 3648; x_wconf 64' lang='lat' dir='ltr'>Maecenas</span> <span class='ocrx_word' id='word_1_264' title='bbox 432 3602 513 3648; x_wconf 85' lang='lat' dir='ltr'>atavis</span> <span class='ocrx_word' id='word_1_265' title='bbox 532 3600 637 3658; x_wconf 86' lang='lat' dir='ltr'>regibus</span> <span class='ocrx_word' id='word_1_266' title='bbox 657 3601 730 3645; x_wconf 88' lang='lat' dir='ltr'>ortus</span> <span class='ocrx_word' id='word_1_267' title='bbox 750 3612 836 3657; x_wconf 87' lang='lat' dir='ltr'>eques,</span> <span class='ocrx_word' id='word_1_268' title='bbox 857 3600 904 3645; x_wconf 88' lang='lat' dir='ltr'>cet.</span> 
     </span>
     <span class='ocr_line' id='line_1_33' title="bbox 130 3681 945 3746; baseline -0.007 -8"><span class='ocrx_word' id='word_1_269' title='bbox 130 3681 149 3746; x_wconf 64' lang='grc' dir='ltr'>Ἴ</span> <span class='ocrx_word' id='word_1_270' title='bbox 168 3692 207 3738; x_wconf 89' lang='lat' dir='ltr'>W.</span> <span class='ocrx_word' id='word_1_271' title='bbox 228 3690 333 3737; x_wconf 82' lang='lat' dir='ltr'>Teuffel.</span> <span class='ocrx_word' id='word_1_272' title='bbox 354 3692 402 3736; x_wconf 88' lang='lat' dir='ltr'>Die</span> <span class='ocrx_word' id='word_1_273' title='bbox 419 3689 570 3736; x_wconf 85' lang='lat' dir='ltr'>horazisehe</span> <span class='ocrx_word' id='word_1_274' title='bbox 589 3689 667 3746; x_wconf 80' lang='lat' dir='ltr'>Lyrik</span> <span class='ocrx_word' id='word_1_275' title='bbox 685 3688 739 3733; x_wconf 90' lang='lat' dir='ltr'>und</span> <span class='ocrx_word' id='word_1_276' title='bbox 757 3687 835 3732; x_wconf 88' lang='lat' dir='ltr'>deren</span> <span class='ocrx_word' id='word_1_277' title='bbox 853 3687 945 3733; x_wconf 85' lang='lat' dir='ltr'>Kritik.</span> 
     </span>
     <span class='ocr_line' id='line_1_34' title="bbox 130 3771 1229 3839; baseline -0.008 -13"><span class='ocrx_word' id='word_1_278' title='bbox 130 3772 150 3836; x_wconf 76' lang='lat'>⁸)</span> <span class='ocrx_word' id='word_1_279' title='bbox 169 3778 243 3836; x_wconf 87' lang='lat' dir='ltr'>Vide,</span> <span class='ocrx_word' id='word_1_280' title='bbox 263 3780 285 3825; x_wconf 79' lang='lat' dir='ltr'>si</span> <span class='ocrx_word' id='word_1_281' title='bbox 303 3779 396 3839; x_wconf 82' lang='lat' dir='ltr'>placet,</span> <span class='ocrx_word' id='word_1_282' title='bbox 416 3779 485 3837; x_wconf 90' lang='lat' dir='ltr'>quod</span> <span class='ocrx_word' id='word_1_283' title='bbox 503 3778 595 3826; x_wconf 85' lang='lat' dir='ltr'>Waltz.</span> <span class='ocrx_word' id='word_1_284' title='bbox 619 3779 686 3835; x_wconf 90' lang='lat' dir='ltr'>„Des</span> <span class='ocrx_word' id='word_1_285' title='bbox 704 3771 859 3823; x_wconf 85' lang='lat' dir='ltr'>variations“</span> <span class='ocrx_word' id='word_1_286' title='bbox 881 3777 928 3822; x_wconf 87' lang='lat' dir='ltr'>eet.</span> <span class='ocrx_word' id='word_1_287' title='bbox 949 3775 1013 3821; x_wconf 83' lang='lat' dir='ltr'>dixit</span> <span class='ocrx_word' id='word_1_288' title='bbox 1033 3774 1064 3819; x_wconf 90' lang='lat' dir='ltr'>de</span> <span class='ocrx_word' id='word_1_289' title='bbox 1084 3773 1124 3820; x_wconf 88' lang='lat' dir='ltr'>od.</span> <span class='ocrx_word' id='word_1_290' title='bbox 1144 3773 1165 3819; x_wconf 95' lang='lat' dir='ltr'>I:</span> <span class='ocrx_word' id='word_1_291' title='bbox 1188 3774 1229 3828; x_wconf 85' lang='lat'>12,</span> 
     </span>
    </p>
   </div>
   <div class='ocr_carea' id='block_1_4' title="bbox 54 3872 162 3931">
    <p class='ocr_par' dir='ltr' id='par_1_5' title="bbox 54 3872 162 3931">
     <span class='ocr_line' id='line_1_35' title="bbox 54 3872 162 3931; baseline 0 -14"><span class='ocrx_word' id='word_1_292' title='bbox 54 3885 98 3931; x_wconf 88' lang='lat' dir='ltr'>pg.</span> <span class='ocrx_word' id='word_1_293' title='bbox 119 3872 162 3917; x_wconf 86' lang='grc'>39.</span> 
     </span>
    </p>
   </div>
   <div class='ocr_carea' id='block_1_5' title="bbox 0 0 1414 4590">
    <p class='ocr_par' dir='ltr' id='par_1_6' title="bbox 0 0 1414 4590">
     <span class='ocr_line' id='line_1_36' title="bbox 0 0 1414 4590; baseline 0 0"><span class='ocrx_word' id='word_1_294' title='bbox 0 0 1414 4590; x_wconf 95' lang='lat' dir='ltr'> </span> 
     </span>
    </p>
   </div>
  </div>
 </body>
</html>
