2766 4590
697 123 818 220 ΧΠ.

276 334 439 417 Gruppius
474 334 533 397 hoc
570 355 697 397 carmen
726 355 788 396 non
812 336 886 396 ante
910 356 1006 416 quarn
1030 334 1063 396 in
1088 333 1334 408 extremorum,

168 441 224 523 qui
248 430 342 505 inseri
366 440 476 517 Aeac,
501 462 576 525 pag.
603 442 665 503 512
692 440 827 524 aggredi
852 463 945 503 ausus
971 445 1028 517 est,
1053 441 1108 504 ubi
1132 446 1189 504 str.
1217 441 1335 504 ldese-

168 548 244 624 cuit,
270 552 301 611 et
325 548 358 610 in
383 549 493 611 eadem
517 548 675 610 sententia
701 548 797 610 etiam
821 547 854 609 in
877 569 953 632 pag.
979 549 1040 611 561
1056 548 1184 611 mansit.
1231 547 1334 610 Ratio-

167 677 223 718 nes
258 655 291 716 in
326 636 452 737 privata
488 656 554 718 eius
591 654 734 738 opinione
770 653 832 716 sita
856 655 1041 731 afferuntur,
1067 677 1146 737 quas
1171 654 1336 738 diligenter

167 765 314 824 excutere
338 761 427 824 taedii
450 760 580 844 plenum
605 766 697 824 esset.
745 760 828 825 Vide
852 761 1070 826 Schuetzium!

682 1245 829 1343 Xlll.

274 1472 458 1535 Extremam
492 1472 660 1555 pulchram
687 1471 852 1554 stropham
881 1471 1043 1555 Gruppius
1068 1472 1146 1536 dicit
1170 1494 1239 1536 esse
1268 1495 1339 1551 ,aus

168 1581 224 1642 der
247 1579 338 1643 Rolle
374 1578 525 1663 gefallen,
560 1579 739 1661 prunlrend,
769 1578 971 1656 annrasslioh,
996 1580 1187 1662 unpassend,
1212 1579 1338 1644 lacher-

166 1686 242 1762 lich,
266 1687 388 1769 plump,
412 1685 669 1748 uuharmonisoh.
706 1684 783 1760 Quae
800 1686 926 1768 probra,
951 1708 1049 1768 quum
1061 1709 1164 1769 neque
1177 1708 1340 1770 gramma·

165 1793 238 1855 ticis
273 1814 376 1876 neque
411 1792 523 1876 logicis
558 1792 735 1855 rationibus
769 1792 952 1869 fulciantur,
988 1792 1035 1855 nil
1062 1793 1162 1856 refert
1185 1794 1339 1860 refutare.

166 1898 250 1963 Vide
285 1904 442 1983 praeterea
477 1898 689 1963 Schuetzium.
736 1898 833 1962 Dicat
868 1899 1027 1982 quispiam
1051 1922 1084 1963 se
1107 1901 1230 1973 mirari,
1257 1903 1340 1985 quod

168 2006 245 2069 Gru.
281 2029 343 2070 non
379 2006 541 2070 eiectiouis
577 2028 705 2069 cansam
729 2005 832 2069 inesse
856 2006 1028 2069 crediderit
1051 2007 1084 2068 in
1108 2007 1340 2076 alliteratione:

166 2113 306 2196 loquaces
330 2114 462 2197 lprrprlioe
486 2114 643 2176 desiliunt.
689 2111 775 2175 Nam
804 2113 1031 2176 alliterationes
1060 2114 1127 2178 sive
1149 2117 1342 2198 parecheses

166 2241 266 2301 usqne
291 2221 330 2282 ad
355 2219 515 2283 Catullum
539 2220 784 2295 adhibebantur,
813 2224 923 2301 postea
948 2225 1055 2283 autem
1077 2222 1111 2283 in
1135 2245 1194 2286 usu
1218 2226 1343 2289 versari

168 2326 330 2388 desierunt
349 2326 383 2408 ¹).

681 2812 824 2910 XIV.
889 2794 895 2800 ¹

271 3035 339 3100 The
375 3035 452 3114 Ode,
488 3037 592 3119 inquit
627 3036 859 3114 Wickhamius,
895 3039 922 3101 is
956 3043 1011 3103 not
1034 3041 1067 3102 in
1090 3039 1245 3104 Horace's
1270 3045 1344 3110 best

164 3165 311 3220 manner,
353 3145 436 3226 quod
475 3144 542 3207 sine
585 3145 678 3207 dubio
714 3145 912 3208 verissimum
949 3150 1006 3209 est.
1064 3145 1109 3210 Ut
1148 3170 1234 3230 saepe
1278 3151 1345 3215 iam

276 3353 292 3416 1)
313 3364 362 3409 Osi.
382 3366 468 3409 tamen
487 3364 550 3422 Epo.
571 3365 636 3418 XVI,
657 3366 689 3410 47
710 3366 735 3408 et
755 3365 780 3409 in
798 3365 847 3409 hoc
866 3367 989 3412 carmine:
1010 3366 1078 3412 dulci
1098 3367 1172 3424 digno
1191 3367 1343 3427 donaberis,

165 3465 221 3496 cras
241 3452 281 3496 cui
301 3452 428 3507 cornibus,
449 3453 539 3510 primis
558 3453 663 3511 proelia,
685 3450 790 3506 (frustra
809 3450 921 3509 inficiet),
941 3455 1020 3500 rubro
1040 3456 1116 3509 rivos,
1137 3458 1162 3500 te
1182 3459 1291 3515 tangere
1303 3462 1342 3515 tn,

164 3540 247 3596 frigus
266 3541 352 3595 fessis,
371 3554 472 3585 vomere
491 3554 564 3598 vago,
584 3541 684 3599 praebes
703 3544 797 3600 pecori,
817 3545 863 3589 fios
882 3544 1000 3598 sontium,
1020 3546 1168 3605 impositam
1188 3547 1284 3603 ilicem,
1304 3549 1344 3595 lo-

165 3642 258 3686 quaces
285 3629 401 3688 lpmplne.
440 3630 487 3675 Od.
516 3630 558 3675 IV:
585 3631 608 3685 5,
627 3631 759 3688 pollicitus
778 3634 888 3690 patrum,
908 3634 975 3679 veris
993 3634 1089 3690 vultus,
1110 3635 1177 3680 dulci
1198 3637 1308 3684 distinet
1329 3654 1344 3686 a

145 3717 249 3778 domo,
279 3715 362 3775 (prate
390 3717 569 3777 perambulat),
598 3719 670 3779 prole
697 3735 837 3780 puerpera,
866 3735 948 3781 poene
971 3725 1072 3782 premit,
1093 3726 1218 3771 Parthum
1236 3731 1342 3786 paveat,

169 3804 248 3850 vitem
266 3806 364 3861 viduas,
384 3808 469 3865 magni
487 3821 592 3854 memor.
612 3811 659 3854 otc.
