2766 4590
610 167 758 230 —8-

100 346 244 410 codicum
277 345 516 409 horatianoruxn
550 345 728 428 scripturae,
757 345 953 428 sequendum
981 345 1171 428 plerumque
1195 346 1271 429 opti·

100 474 223 515 morum
246 453 399 515 maiorem
422 456 610 515 numerum?
656 451 766 515 Nihilo
790 452 894 515 minus
918 451 1030 515 Keller
1057 452 1091 515 in
1117 457 1270 535 praestan-
1297 516 1300 521 ,

102 559 240 622 tissimos
270 558 447 642 philologos
472 557 603 638 (Bentl,
628 558 759 622 Lachm.
789 559 875 641 cet),
900 559 955 642 qui
979 560 1046 622 cod.
1070 558 1111 623 V.
1137 558 1273 640 (blandi-

101 666 189 729 nium
212 665 478 747 vetustissimum)
502 664 613 749 magni
637 665 849 742 aestimabant,
874 665 1046 742 invehitur,
1072 667 1157 748 quod
1181 689 1273 749 quum

104 773 171 837 cod.
207 771 248 836 V.
286 772 370 835 inter
408 776 473 835 tres
508 772 579 835 illas
616 772 732 836 classes
766 771 942 849 vacillaret,
971 773 1218 850 ,eclecticismo“
1245 797 1275 838 se

101 879 306 943 astrinxerint
326 879 361 959 1).
399 878 503 954 Quum
517 882 624 942 autem
636 879 704 962 ipse
719 879 919 986 cqncesserit,
938 902 1045 942 omnes
1069 880 1159 943 codd.
1178 881 1272 944 vacil-
1305 964 1308 969 Ι

101 986 178 1062 lare,
196 1008 293 1069 quum
310 1008 394 1068 saepe
412 986 654 1049 deterrimorum
675 985 818 1049 codicum
835 985 889 1067 (ad
905 987 1044 1064 tertiam,
1062 1009 1160 1070 quam
1176 992 1273 1064 vocat,

16 1152 18 1159 ,
101 1093 234 1156 classem
258 1093 392 1155 maxime
426 1093 669 1175 pertinentium)
686 1136 688 1141 -
704 1092 855 1156 lectiones
872 1093 898 1175 2)
935 1098 1030 1176 atque
1062 1115 1148 1177 saepe
1182 1094 1274 1157 etiarn

100 1221 204 1262 meras
229 1199 425 1263 coniecturas
461 1199 495 1262 in
529 1203 709 1264 contextum
744 1201 902 1284 receperit
917 1200 955 1282 ⁸),
988 1223 1059 1282 quae
1091 1201 1222 1264 tandem
1244 1201 1274 1263 in

100 1306 289 1369 lectionibus
314 1305 476 1390 elegendis
501 1311 549 1370 est
571 1310 659 1370 recta
684 1307 795 1370 critica
816 1307 897 1370 ratio
913 1308 976 1370 nisi
992 1308 1168 1390 prudenter
1186 1307 1275 1370 adhi-

102 1413 187 1475 bitus
215 1411 502 1490 ,eclecticismus“?
548 1413 634 1476 Talis
669 1436 742 1477 vero
779 1413 926 1498 elegendi
949 1414 1043 1477 venia
1066 1413 1197 1478 Kellero
1222 1414 1273 1478 soli

100 1523 264 1583 reservata
286 1541 349 1582 non
373 1523 430 1582 est.

208 1624 270 1689 Sed
295 1626 334 1688 ad
357 1627 587 1709 hypercriticos
611 1627 788 1690 redeamus.
835 1626 995 1704 Vidimus,
1021 1650 1129 1691 eorum
1154 1628 1273 1711 opinio-

101 1753 184 1808 nem,
209 1733 264 1815 qui
288 1734 429 1810 credant,
452 1755 604 1818 magnam
629 1733 758 1796 odarum
782 1737 907 1816 partem
930 1733 1009 1797 falso
1027 1757 1094 1797 esse
1111 1735 1272 1810 insertam,

102 1838 135 1900 in
164 1842 325 1902 contextus
354 1838 514 1903 horatiani
537 1840 670 1903 historia
694 1840 948 1923 testimoniisque
973 1841 1168 1904 extrinsecus
1193 1842 1274 1925 peti·
1318 1862 1320 1867 ·

101 1945 142 2007 tis
166 1968 280 2028 parum
303 1946 422 2009 habere
446 1947 590 2010 subsidii.
636 1945 675 2009 ln
698 1946 833 2030 singulis
857 1947 946 2009 tertii
969 1946 1045 2010 libri
1061 1947 1139 2011 locis
1158 1949 1277 2012 exami-

102 2052 214 2115 nandis
239 2053 400 2129 intestina,
425 2075 496 2135 quae
517 2057 680 2129 vocantur,
703 2058 892 2137 argumenta
908 2054 1044 2117 maxime
1060 2054 1275 2136 inspiciemus,

106 2181 177 2241 quae
201 2180 263 2221 non
286 2159 358 2242 plus
375 2182 471 2242 quam
495 2163 625 2223 externa
647 2159 754 2222 valere
778 2163 865 2242 puto.
904 2159 1070 2244 Praecipue
1087 2161 1277 2225 discordiam

104 2287 211 2328 eorum
237 2266 484 2344 observabimus,
510 2267 549 2329 ad
566 2289 662 2349 quam
687 2267 914 2329 ostendendam
931 2268 1027 2330 etiam
1043 2268 1096 2331 hic
1113 2262 1276 2352 Gruppius

83 2373 237 2441 ‚maxime
253 2373 381 2436 videtur
398 2395 465 2436 esse
482 2373 745 2436 accommodatus.
781 2371 914 2448 Peerlc.,
933 2374 983 2437 cui
999 2375 1156 2437 moderati
1173 2376 1276 2439 critici

101 2481 138 2540 ut
172 2478 352 2541 Meinelxius
383 2479 405 2541 do
434 2479 471 2542 L.
495 2479 632 2543 Mueller
657 2479 868 2562 amplissimas
892 2480 1075 2543 tribuerunt
1097 2481 1220 2560 laudes,
1244 2484 1278 2546 in

103 2583 228 2668 Gruppi
255 2585 346 2648 libris
376 2586 499 2649 acerbae
523 2586 750 2668 vituperationi
774 2608 858 2669 saepe
882 2587 1044 2650 subiectus
1069 2592 1126 2650 est.
1173 2589 1279 2653 Lehr-

12 2758 15 2763 ,
103 2691 184 2754 sium
218 2692 470 2775 hypercriticum
504 2691 644 2755 sodalem
672 2696 782 2775 aperte
811 2697 927 2770 monet,
962 2697 998 2755 ut
1026 2695 1105 2757 fines
1130 2698 1162 2757 et
1185 2697 1283 2778 quasi

103 2799 253 2861 terminos
287 2799 408 2883 ingenii
443 2799 620 2882 indolisque
656 2804 834 2882 cognoscat,
870 2823 949 2863 neve
976 2805 1063 2863 extra
1086 2806 1224 2886 vagetur
1240 2803 1281 2880 4).

14 2982 17 2989 ¹
108 2904 251 2983 ,Tales“,
275 2905 389 2988 inquit,
425 2906 584 2983 ,homines
608 2906 641 2968 in
665 2906 804 2969 hostium
828 2907 895 2970 acie
919 2907 1028 2970 videre
1051 2908 1145 2970 malo.
1194 2909 1282 2984 Quid

104 3012 188 3074 enirn
223 3012 419 3075 adversarios
453 3013 557 3096 magis
582 2999 714 3076 firmare⁴
734 3017 850 3096 potest,
887 3036 983 3096 quam
1007 3036 1115 3076 eorum
1139 3037 1282 3097 praema-

102 3122 176 3180 tura
209 3118 370 3181 festinatio
407 3122 439 3182 et
474 3142 605 3196 errores,
641 3121 696 3202 qui
731 3143 786 3183 nos
824 3120 974 3183 adiuvare
998 3121 1059 3184 sibi
1083 3121 1276 3186 videntur?“

27 3272 31 3290 .
103 3223 301 3308 Lagentibus
325 3226 394 3289 haec
417 3226 508 3309 nobis
525 3229 557 3289 et
574 3226 800 3310 cogitantibus,
818 3229 895 3309 quot
910 3230 1030 3289 temere
1049 3227 1142 3290 dictis
1159 3231 1281 3292 errori-

103 3331 225 3414 busque
253 3331 321 3414 ipse
350 3355 383 3395 se
409 3333 621 3408 obstrinxerit,
658 3332 787 3397 difficile
812 3336 859 3395 est
884 3333 1016 3396 satiram
1039 3356 1102 3396 non
1125 3335 1282 3400 scribere.

102 3435 319 3501 inconstantia
336 3438 361 3520 5)
387 3439 454 3502 eius
477 3439 542 3502 ianr
566 3439 639 3502 inde
664 3443 807 3522 apparet,
832 3440 916 3522 quod
939 3440 972 3502 in
996 3440 1086 3503 initio
1110 3441 1196 3516 libri,
1223 3444 1282 3525 qui

178 3646 195 3710 ¹)
215 3657 313 3715 Epileg.
336 3659 394 3702 803.

178 3735 196 3799 ²)
216 3746 266 3792 Cir.
286 3746 385 3804 Epileg.
405 3759 464 3805 pag.
484 3745 553 3791 VHI.

177 3825 195 3888 θ)
215 3836 271 3881 Non
299 3848 399 3893 semper
428 3848 487 3880 omn
513 3834 562 3879 hoc
582 3835 711 3893 sapienter
730 3836 821 3881 fecisse
841 3835 1002 3881 arbitrantur
1021 3848 1041 3881 e.
1062 3849 1099 3892 gr.
1120 3835 1149 3880 L.
1169 3836 1282 3882 Mueller

103 3923 129 3968 in
147 3924 217 3982 praef.
237 3925 288 3969 iam
307 3925 502 3969 commemorata
521 3925 547 3968 et
565 3924 695 3970 Nauokius
714 3925 740 3970 in
758 3924 828 3984 praef.
849 3924 969 3970 editionis
990 3926 1087 3970 loma.

177 4003 195 4065 ι)
214 4013 288 4058 Aeso.
310 4014 368 4058 122.

178 4091 196 4154 ⁵)
216 4102 266 4147 Ofr.
287 4101 392 4146 Teuffel.
410 4101 460 4147 Lit.
474 4100 541 4147 Hist.
556 4103 605 4148 424
620 4115 684 4161 sqq,
698 4102 743 4148 ubi
756 4115 811 4148 eam
825 4102 943 4148 omnibus
956 4102 1133 4161 hypercriticis
1147 4102 1190 4147 dat
1203 4103 1276 4150 vitio.

85 4282 156 4303 ιλιι-ι..
