2766 4590
656 192 830 254 „62-

263 366 353 442 Quod
377 367 404 430 si
428 367 511 431 clavi
534 367 674 431 trabales
697 368 731 431 in
754 368 779 432 I:
805 371 846 433 35
871 375 945 434 sunt
968 371 1191 450 instrumenta,
1217 375 1339 457 quibus

156 477 387 558 torquebantur
412 478 443 538 et
466 476 664 538 necabantur
687 474 924 541 sceleratissimi
947 478 1102 556 homiues,
1127 481 1178 543 vix
1202 485 1253 544 est
1277 483 1339 545 du-

155 583 254 658 bium,
279 582 356 666 quin
379 582 413 644 in
436 580 494 644 Ill:
520 583 562 644 24
588 582 669 645 clavi
694 583 890 647 adamantini
914 585 947 648 in
972 586 1106 650 eundern
1127 587 1226 650 finem
1242 610 1338 651 usur·

156 695 283 774 pentur,
308 695 340 754 et
362 689 535 754 necessitas
559 711 662 772 neque
686 694 734 752 est
754 699 873 775 praetor
888 714 992 775 neque
1009 693 1218 758 aedificiorum
1231 698 1337 759 struc-

155 803 205 862 tor
239 799 295 862 sed
329 798 421 862 lictor
445 820 469 861 s.
506 788 655 861 carnifex.
703 796 781 872 Quae
809 820 860 862 res
883 799 910 863 si
933 799 980 863 ita
1003 822 1037 863 se
1060 800 1170 879 habet,
1193 802 1335 866 vertices

155 906 339 990 significant
362 905 498 969 vertices
522 904 675 967 humanos
699 905 766 969 sive
790 905 906 989 capita,
931 928 1002 989 quae
1026 907 1074 971 vis
1098 930 1202 990 neque
1216 913 1266 972 est
1284 909 1337 972 in-

156 1017 253 1090 certa,
278 1034 381 1095 neque
404 1035 495 1088 nova,
519 1033 622 1094 neque
645 1011 783 1075 insolita.

262 1118 355 1183 Hanc
380 1118 557 1201 explicandi
584 1118 740 1181 rationem
768 1118 874 1182 Bentl.
898 1120 1001 1184 iocose
1023 1120 1166 1184 refutare
1190 1127 1336 1188 conatur.

161 1229 277 1312 „Ego‚“
306 1227 421 1308 inquit,
451 1225 622 1308 „spondere
647 1225 758 1300 ausim,
784 1225 834 1289 cui
856 1226 963 1290 clavus
979 1249 1037 1310 per
1054 1229 1219 1292 cerebrum
1238 1230 1336 1293 adac-

155 1341 207 1399 tus
231 1335 282 1411 sit,
308 1333 391 1397 omni
415 1336 502 1395 metu
518 1332 654 1395 liberum
672 1335 704 1395 et
721 1332 902 1415 expeditum
923 1332 1099 1397 futurum“.
1147 1334 1336 1413 Videamus,

156 1444 233 1527 quid
267 1441 453 1506 Schuetzius
478 1440 517 1502 ad
540 1438 600 1503 hoc
623 1439 829 1522 respondeat:
871 1439 1047 1517 „Bentlei“‚
1073 1441 1187 1524 inquit,
1217 1444 1338 1520 „verba

155 1550 309 1614 l'acetiora
344 1571 440 1631 quam
474 1547 599 1610 veriora
634 1550 717 1609 sunt.
765 1545 879 1610 Totum
914 1546 998 1611 enim
1033 1547 1137 1612 locum
1161 1548 1338 1634 allegorica

156 1657 405 1740 intellegendum
442 1677 510 1718 esse
543 1656 711 1736 apparet“‚
757 1653 856 1717 Recte
884 1654 944 1719 hoc
968 1655 1107 1738 quidem.
1154 1655 1237 1718 Tum
1261 1680 1336 1722 vero

155 1764 277 1848 pergit:
307 1761 403 1841 „Quis
426 1784 484 1844 per
507 1760 728 1843 metaphoram
752 1761 829 1824 dicit
853 1761 957 1824 clavos
973 1784 1032 1845 per
1051 1763 1219 1826 cerebrum
1235 1764 1337 1848 adigi,

156 1872 211 1954 qui
247 1870 351 1934 dicere
386 1869 455 1932 vult
484 1867 627 1930 homines
658 1868 792 1950 imperio
816 1868 1015 1931 necessitatis
1039 1869 1198 1933 subiectos
1223 1872 1333 1934 esse?“

157 1978 246 2054 Quod
281 1978 309 2040 si
338 1976 400 2039 sibi
431 1975 500 2058 ipse
536 1978 679 2037 constare
702 1974 806 2050 vellet,
832 1979 864 2038 et
886 1976 1109 2039 necessitatem
1132 1976 1185 2040 hic
1209 1999 1338 2060 quoque

156 2087 300 2149 lictorem
324 2106 392 2147 esse
416 2086 554 2165 putaret,
579 2086 615 2144 ut
638 2082 671 2144 in
696 2080 754 2144 Od.
779 2080 804 2144 I:
830 2083 871 2144 35
897 2105 969 2145 curn
993 2084 1163 2166 perpaucis
1186 2082 1259 2147 aliis
1276 2083 1337 2148 lic-

130 2193 233 2267 toris
256 2195 364 2274 partes
388 2190 572 2253 necessitati
596 2189 693 2265 dedit,
719 2191 939 2272 metaphoram
963 2212 1018 2252 suo
1036 2211 1163 2272 prorsus
1180 2190 1249 2254 loco
1267 2212 1337 2279 esse

157 2299 338 2383 collegerat.
384 2297 538 2361 Horatius
572 2297 722 2359 nimirum
752 2295 830 2359 dicit
859 2296 1002 2359 homines
1034 2300 1070 2358 ut
1092 2319 1199 2360 servos
1222 2319 1337 2361 neces-

156 2407 244 2469 sitati
279 2409 315 2468 ut
348 2405 452 2468 lictori
489 2426 557 2467 esse
592 2404 760 2479 subiectos,
797 2425 867 2485 quae
892 2425 989 2485 quum
1014 2403 1055 2465 ad
1079 2425 1131 2466 eos
1154 2403 1275 2476 veniat,
1301 2409 1339 2468 ut

156 2513 323 2576 tormentis
358 2512 423 2574 suis
459 2513 499 2574 ad
533 2514 667 2573 mortem
696 2531 748 2572 eos
773 2509 902 2586 cruciet,
938 2513 1006 2572 tum
1031 2531 1083 2572 eos
1106 2532 1168 2572 non
1192 2510 1338 2577 animum

154 2624 242 2683 metu
276 2620 414 2682 liberare
451 2640 554 2701 neque
593 2620 689 2698 caput
723 2616 847 2698 laqueis
881 2616 992 2679 mortis
1038 2616 1186 2699 expedire
1228 2639 1336 2700 posse,

157 2727 282 2791 etiamsi
305 2731 371 2789 tarn
396 2725 510 2788 divites
534 2724 607 2799 sint,
632 2727 753 2785 utnon
773 2722 864 2785 modo
880 2722 1018 2799 Italiam,
1043 2723 1214 2786 sedetiam
1230 2725 1337 2787 maria

156 2834 310 2897 alluentia
338 2831 481 2896 aedificiis
509 2831 574 2893 suis
598 2834 753 2913 occupent
771 2829 806 2911 ¹).
853 2829 1000 2912 Denique
1025 2831 1065 2892 ad
1088 2829 1253 2910 stropham
1278 2832 1336 2894 dc·

155 2941 345 3004 tendendam
370 2939 455 3001 idenr
480 2937 548 3001 tere
564 2937 670 3001 dicere
692 2937 783 3000 nobis
806 2936 891 3014 licet,
916 2937 999 3020 quod
1016 2936 1167 3000 Lehrsius
1191 2935 1273 3001 adl:
1292 2939 1336 3002 35

156 3047 330 3122 annotavit,
367 3045 579 3109 confitendum
615 3066 682 3107 esse
716 3066 772 3107 nos
801 3043 899 3107 semel
927 3044 1017 3108 bisve
1046 3043 1190 3127 legentes
1214 3043 1250 3106 in
1273 3044 1337 3109 hac

156 3154 252 3217 illave
287 3175 321 3216 re
344 3153 468 3216 haerere
491 3174 594 3235 neque
619 3151 721 3214 obiter
745 3154 777 3213 et
800 3149 914 3213 leviter
938 3150 1133 3234 attingentes
1157 3151 1251 3233 quasi
1275 3174 1337 3234 per

156 3260 293 3345 glaciem
315 3263 533 3323 transcurrere
556 3279 657 3341 posse,
681 3257 741 3320 hoc
765 3260 872 3320 autem
895 3279 997 3340 neque
1022 3279 1089 3320 esse
1106 3262 1338 3341 argumentum

156 3371 266 3430 contra
289 3364 453 3448 stropham
476 3386 580 3446 neque
604 3363 717 3427 vitium
740 3367 853 3446 poetae,
890 3363 1008 3447 quippe
1033 3364 1116 3446 quod
1139 3364 1243 3446 poetis
1270 3364 1336 3429 alte

156 3473 398 3556 assurgentibus
422 3493 524 3554 neque
548 3493 606 3553 per
628 3471 761 3533 humum
784 3470 986 3553 serpentibus
1004 3471 1240 3534 concedendum
1257 3471 1312 3536 sit.

267 3683 284 3746 ¹)
305 3693 354 3738 Cfr.
369 3692 448 3738 schol.
471 3691 670 3747 „Necessitatem
689 3704 737 3750 pro
756 3693 839 3736 morte
857 3685 972 3749 posuit“‚
1002 3690 1097 3749 Porph.
1128 3690 1337 3746 „Adamantinos

156 3782 241 3828 clavos
259 3795 307 3841 pro
326 3782 417 3826 mortis
435 3781 589 3826 necessitate
608 3775 721 3838 posuit“,
741 3780 814 3825 Acro.
