2804 4582
558 188 732 251 -37-.

56 369 115 440 est,
141 365 224 447 quod
248 348 365 428 ianitor
389 365 519 449 qnidam
542 366 605 428 sibi
628 365 778 429 molestus
802 366 936 429 tortasse
960 367 1087 430 iuturus
1109 368 1233 450 esset).

55 472 182 535 Dixerit
194 456 355 555 quispiam
364 471 534 535 Horatium
544 472 609 535 iam
623 473 793 551 ,fiaceum“
807 474 880 538 vino
891 477 923 536 et
931 474 1094 537 madidum
1107 497 1235 539 carmen

55 580 182 656 fecisse,
207 580 321 642 deinde
345 583 410 642 tres
434 579 553 662 primos
576 579 674 642 libros
699 580 858 644 editurum
876 603 891 644 e
909 581 1028 644 chartis
1046 581 1175 659 eruisse,
1200 587 1236 645 ut

54 687 175 752 librum
198 685 371 770 suppleret,
408 708 471 768 qua
494 686 527 748 in
554 709 590 749 re
614 709 649 750 eo
672 687 799 751 facilius
823 688 989 752 connivere
1012 689 1127 772 potuit,
1152 691 1235 772 quod

29 817 185 859 carmen
221 792 370 875 (maxime
405 795 536 876 stropha
564 794 683 876 media)
713 796 753 857 ad
777 794 934 859 Caesarem
959 795 1152 859 adulandum
1176 820 1235 879 ap-

55 901 215 965 tissimum
251 904 329 964 erat.
382 900 613 983 Complementi
643 924 738 965 eausa
761 902 862 965 multa
885 903 919 964 in
942 903 1071 985 scriptis
1096 904 1235 967 omnium

55 1010 125 1073 fere
148 1013 314 1092 poetarum
337 1009 455 1071 insunt.
503 1008 664 1083 Quantum
681 1031 698 1072 e
713 1009 986 1092 praestantissimis
1002 1010 1233 1074 recentioribus

55 1116 160 1200 poetis
196 1116 375 1179 eiciendum
410 1118 488 1192 erat,
518 1116 545 1177 si
579 1115 706 1198 optimis
731 1138 838 1179 eorum
860 1117 1015 1199 poematis
1040 1117 1144 1180 omnia
1167 1135 1235 1180 me-

56 1224 206 1287 tiremur!

165 1328 278 1413 Itaque
314 1330 437 1393 animus
471 1352 673 1413 nequaquam
708 1329 850 1406 inclinat,
879 1334 915 1393 ut
939 1353 1066 1394 carmen
1090 1330 1235 1414 spurium

57 1443 179 1523 putem.
226 1437 260 1502 Si
296 1438 407 1502 critica
437 1438 545 1501 arsin
569 1438 679 1502 eodem
701 1459 787 1500 nuno
812 1441 894 1501 esset
918 1441 1013 1514 statu,
1039 1460 1099 1520 quo
1123 1437 1234 1501 Peerl-

58 1546 164 1629 eampi
188 1549 330 1628 tempore
356 1548 434 1621 erat,
459 1544 719 1628 interpolationes
743 1545 972 1629 indagantibus
996 1545 1092 1608 fidem
1115 1545 1235 1609 habere

57 1653 158 1724 multo
182 1657 265 1716 esset
288 1652 426 1728 facilius,
455 1652 634 1735 prasertim
658 1652 685 1715 si
708 1651 964 1734 peerlcampiano
989 1651 1234 1716 sublevarentur

57 1759 198 1844 ingenio.
246 1759 351 1834 Quum
375 1759 460 1823 enim
483 1758 743 1841 interpolationes
767 1781 825 1841 per
845 1758 1065 1842 longissimum
1082 1760 1235 1842 temporis

59 1867 200 1952 spatium
230 1868 269 1930 ab
294 1866 409 1930 Horati
432 1866 506 1930 inde
530 1869 630 1929 morte
654 1888 754 1948 usque
779 1866 819 1927 ad
843 1870 944 1929 artem
967 1865 1236 1949 typographicam

59 1974 224 2039 inventam
247 1974 341 2037 factae
368 1996 436 2037 esse
461 1974 675 2049 crederentur,
701 1976 732 2036 et
747 1994 877 2036 numero
894 1972 1061 2056 permultae
1078 1973 1233 2036 videban-

59 2086 114 2145 tur
138 2086 170 2144 et
198 2081 389 2145 facillimum
413 2085 482 2144 erat
507 2080 645 2143 omnium
669 2079 894 2143 difficultatum
918 2080 1044 2163 culpam
1067 2079 1101 2141 11
1125 2100 1234 2163 gram·

59 2189 260 2264 maticorum,
300 2188 475 2264 rhetorum,
511 2187 724 2263 librariorum,
761 2186 985 2251 monachorum
1021 2187 1235 2249 insulsitatem

61 2295 215 2363 conferre.
264 2294 368 2370 Quum
392 2298 499 2358 autem
521 2295 615 2357 hodie
639 2293 925 2357 innumerabilibus
949 2316 1047 2376 prope
1064 2294 1233 2357 11111111-

60 2402 217 2465 stimoniis
246 2401 286 2464 ad
312 2401 471 2484 liquidum
497 2401 687 2484 perductum
710 2400 760 2476 sit,
796 2399 910 2462 Horati
935 2403 1114 2463 contextum
1136 2400 1235 2463 talem

61 2512 179 2585 extare,
215 2509 319 2591 qualis
355 2510 396 2572 60
432 2508 483 2571 vel
513 2509 554 2571 70
584 2507 674 2571 annis
702 2506 774 2590 post
802 2506 869 2570 eius
892 2511 1027 2569 mortem
1050 2506 1158 2578 tuerit,
1183 2506 1235 2569 vix
1259 2495 1262 2500 ’

60 2615 231 2698 quisquam
264 2615 355 2678 nobis
391 2616 583 2697 persuadere
617 2617 732 2697 potest,
768 2613 1028 2696 interpolationes
1056 2613 1174 2676 multas
1204 2616 1235 2675 et

59 2743 194 2805 magnas
229 2722 333 2785 inesse
368 2723 401 2783 11
435 2721 542 2798 libris,
578 2722 633 2804 qui
668 2721 775 2806 paullo
796 2727 881 2805 ‘post
909 2725 1010 2804 poetae
1038 2725 1173 2784 mortem
1201 2719 1234 2782 11

60 2827 177 2891 scholis
201 2851 260 2891 usu
284 2829 511 2911 discipulorum
535 2829 605 2891 triti
628 2830 701 2893 sint.
749 2828 897 2892 Juvenal.
923 2831 953 2906 7,
978 2830 1053 2891 225:

383 2960 501 3005 Totidem
521 2959 638 3004 olfecisse
656 2959 773 3004 lucernas

276 3049 344 3102 Quot
363 3049 466 3094 stabant
485 3048 566 3107 pueri,
587 3062 645 3093 cum
664 3050 736 3093 totus
756 3048 858 3094 decolor
877 3051 945 3094 esset

276 3138 382 3183 Flaccus
400 3139 544 3183 1111111111
563 3137 636 3195 nigro
655 3138 736 3195 fuligo
755 3139 861 3183 Maroni.

62 3254 219 3320 Carminis
243 3257 342 3319 verba
365 3261 483 3340 praeter
511 3256 630 3339 Porph.
655 3260 687 3320 et
710 3255 982 3319 Pseudoaoronem
1007 3255 1104 3318 etiam
1127 3253 1228 3317 Prisc.

61 3417 173 3424 ————
180 3418 249 3424 ——.
255 3419 328 3424 .-.-..-

175 3484 193 3547 ¹)
213 3494 351 3539 Ianitorem
370 3495 450 3539 istum
468 3508 518 3539 non
538 3508 552 3539 a
570 3496 625 3539 viro
644 3495 736 3541 Norerae
756 3495 926 3539 constitutum
945 3508 1010 3548 1111,
1030 3496 1060 3539 ut
1077 3494 1160 3538 Ritter
1174 3494 1236 3539 dicit

61 3583 95 3628 ad
122 3582 203 3640 Epod.
232 3584 284 3637 XV,
312 3583 354 3628 vix
383 3586 431 3637 est,
460 3583 529 3641 quod
552 3597 675 3629 moneam.
716 3585 797 3639 „Num
826 3578 1103 3640 ianitor“,inquit1t.,
1126 3584 1235 3638 „morari

61 3672 149 3731 potuit
169 3673 208 3716 sui
227 3673 291 3717 iuris
311 3672 446 3718 sentinam?
482 3673 593 3718 Minime.
613 3674 723 3718 Maritus
742 3673 821 3730 igitur
840 3673 996 3731 apposuerat
1009 3673 1082 3717 uxori
1094 3672 1235 3727 custodem,

62 3761 106 3818 qui
129 3761 184 3806 viro
208 3761 327 3806 iniuriam
346 3761 481 3806 detondere
501 3757 635 3807 debebat“.
675 3752 760 3807 Tlisto
780 3776 840 3807 sane
859 3762 951 3807 fnisset
971 3760 1066 3806 talibus
1087 3761 1236 3805 conditioni-

61 3849 113 3894 bus
140 3850 262 3895 maritum
290 3852 359 3896 esse!
398 3851 461 3905 Quis
490 3853 576 3896 antem
595 3864 705 3909 usquam
724 3854 852 3896 terrarum
870 3853 963 3909 praeter
982 3851 1109 3896 Ritterum
1128 3849 1237 3894 eredidit

61 3938 197 3984 ostiarium
215 3938 287 3984 illum
306 3940 477 3998 prohibuisse,
496 3954 527 3984 ne
547 3940 649 3985 domina
667 3940 724 3998 ipsa
752 3941 840 3995 exiret,
864 3950 943 3998 quum
962 3939 1018 3984 luce
1037 3939 1131 3984 elarius
1155 3940 1234 3992 esset,

62 4040 122 4072 eum
148 4027 320 4086 impedivisse,
349 4042 381 4073 no
408 4042 473 4086 puer
500 4029 591 4074 Horati
619 4029 652 4074 od
680 4029 799 4074 1111111111
821 4030 1043 4082 intromitteretur,
1064 4028 1137 4072 cuius
1160 4028 1237 4072 ianua

61 4129 154 4174 magna
173 4116 288 4175 quotidie
307 4117 449 4175 frequentia
469 4119 588 4164 iuvenum
607 4118 800 4164 celebrabatur?
