2766 4590
597 176 770 238 -50-

98 358 160 443 ipsi
191 363 292 441 poetae
323 358 451 422 difficile
475 362 606 421 narratu
629 357 772 421 futurum
801 359 910 435 luisse,
935 360 1049 423 deinde
1074 363 1186 424 autem
1211 360 1282 443 ipse

100 467 217 550 optime
251 466 434 550 explicavit:
465 465 604 549 „aliquid
628 466 719 529 nobis
743 489 804 529 non
828 466 936 530 habile
961 468 1089 545 dicitur,
1115 491 1180 552 quo
1206 474 1280 552 apte

100 578 230 637 utinen
254 576 448 657 possuunrs.“

626 1096 748 1194 XX.

211 1304 365 1368 Horatius
393 1305 445 1369 hic
474 1305 633 1389 Pyrrhum
657 1308 808 1372 miserum
832 1310 970 1373 luclihrio
992 1311 1119 1388 habuit,
1145 1313 1202 1375 sed
1227 1335 1281 1376 ex*

104 1416 251 1496 perrecta
286 1411 433 1475 Nemesis
468 1413 586 1476 ultores
621 1414 737 1498 Pyrrhi
768 1416 851 1479 iuter
875 1422 1140 1482 commentatores
1165 1419 1285 1485 Horati

106 1519 265 1596 excitavit,
303 1520 357 1603 qui
393 1520 511 1603 partim
545 1522 579 1583 in
613 1521 696 1585 hanc
721 1524 812 1586 odam
836 1524 931 1588 iocati
954 1531 1039 1598 sunt,
1064 1527 1186 1609 partim
1210 1549 1285 1589 eam

105 1628 283 1691 irriserunt.
331 1627 365 1691 si
393 1628 546 1691 Horatius
571 1630 730 1693 redivivus
755 1654 862 1694 eurum
885 1633 1005 1716 scripta
1029 1635 1139 1718 legere
1163 1639 1285 1718 posset,

106 1736 264 1799 incertum
288 1740 346 1811 est,
371 1741 477 1799 utrum
501 1737 604 1820 magis
628 1738 697 1801 ioca
717 1739 837 1802 rideret
853 1763 893 1802 an
910 1741 948 1804 oh
965 1741 1146 1804 irrisionem
1162 1742 1285 1806 irasce-

108 1848 205 1908 retur.
252 1843 377 1907 locatus
401 1849 507 1907 autem
532 1849 580 1908 est
603 1844 697 1923 Acro,
722 1847 777 1929 qui
800 1852 893 1930 putat
909 1847 1069 1931 Pyrrhum
1086 1871 1155 1913 esse
1171 1871 1286 1933 regem

108 1951 199 2016 illum
223 1951 325 2034 Epiri,
350 1951 534 2015 Nearchum
550 1953 732 2036 significare
748 1953 932 2025 Tarentum,
950 1955 1084 2026 lcaenam
1098 1984 1122 2009 =
1135 1955 1285 2031 Romam,

110 2058 229 2122 catulos
247 2088 271 2110 =
284 2059 444 2141 principes
468 2058 587 2123 Romae.
632 2060 790 2145 Cmquius
814 2062 916 2126 credit
939 2064 1072 2126 leaenanr
1097 2064 1285 2148 significare

110 2164 225 2241 lenam,
262 2165 381 2228 catulos
407 2195 430 2216 =
470 2189 602 2249 „pueros
627 2170 813 2246 meritorios
844 2193 921 2253 qrros
945 2170 1052 2233 alebat
1076 2169 1177 2253 (lena)
1201 2168 1286 2234 lucri

111 2273 227 2357 gratia,
252 2273 335 2337 inter
358 2296 435 2356 quos
460 2279 528 2337 erat
552 2274 729 2353 Nearchus,
754 2300 849 2361 quem
872 2290 985 2360 rapere
1008 2278 1110 2340 invita
1131 2277 1205 2341 lena
1220 2299 1286 2340 non

112 2383 337 2445 eratt11t111r1.“
380 2380 551 2459 lluentzer,
576 2384 703 2446 subtilis
727 2384 841 2447 Horati
865 2385 996 2447 odarum
1012 2384 1183 2468 interpres
1199 2385 1286 2448 inter

114 2486 177 2549 alia
201 2487 278 2551 dicit
313 2489 390 2550 (luas
414 2494 589 2572 postremas
613 2492 758 2574 strophas
783 2492 944 2555 continere
967 2491 1049 2555 hanc
1073 2491 1286 2555 sententiam:

118 2617 209 2672 „man
234 2595 331 2671 weiss,
361 2596 433 2659 (lass
457 2620 491 2659 er
511 2599 591 2680 jetat
614 2598 714 2662 selhst
736 2598 845 2663 liebt.“
896 2599 941 2662 lli
966 2621 1072 2662 omnes
1096 2599 1166 2663 sine
1190 2597 1286 2661 dubio

113 2725 176 2765 non
209 2701 350 2764 sentiunt
384 2725 417 2765 se
452 2703 559 2767 iocari.
606 2704 690 2768 Nam
718 2707 779 2769 viri
811 2708 929 2770 austeri
952 2710 1026 2770 sunt
1050 2711 1147 2790 atque
1171 2700 1286 2769 sinceri

115 2814 147 2873 et
181 2831 288 2872 severo
323 2809 409 2872 voltu
446 2812 670 2893 explicationes
698 2836 770 2877 siras
798 2814 889 2877 nohis
913 2815 1067 2896 praeheut.
1115 2812 1286 2877 Difficilius

116 2924 164 2984 est
186 2920 271 2982 idem
295 2919 423 2983 credere
448 2921 486 2983 de
510 2921 702 2998 irrisoribus,
727 2921 870 3005 Gruppio
894 2926 926 2985 et
949 2922 1093 2985 Lehrsio.
1133 2921 1286 2997 Quicum-

116 3050 177 3112 que
202 3051 328 3092 carmen
352 3028 449 3111 leget,
473 3029 614 3092 inveniet
636 3027 796 3112 Pyrrhum
821 3034 853 3092 et
877 3029 1054 3105 mulierem,
1079 3052 1151 3112 quse
1176 3029 1287 3114 appel-

115 3136 201 3199 latur
220 3136 331 3200 leaena.
349 3158 409 3199 uno
425 3140 567 3218 tempore
584 3136 826 3212 adolescentem,
845 3137 895 3199 cui
912 3140 981 3199 erat
996 3158 1111 3200 nomen
1127 3136 1287 3211 Nearchi),

118 3243 282 3316 exaravisse,
307 3243 391 3306 inter
416 3242 574 3325 Pyrrhum
598 3248 629 3306 et
652 3243 786 3306 leaenam
809 3266 952 3326 pugnam
977 3244 1131 3307 orituram
1156 3266 1236 3321 esse,
1258 3245 1287 3307 in

117 3374 180 3433 qua
203 3348 370 3413 Nearchus
395 3354 427 3413 et
451 3351 571 3414 arbiter
595 3356 626 3414 et
642 3351 751 3434 praeda
767 3372 884 3434 pugnae
901 3352 953 3415 sit.
993 3350 1072 3414 Haec
1088 3350 1156 3413 sola
1171 3352 1287 3435 proba·

117 3459 191 3521 hilis
216 3458 397 3541 argumenti
422 3459 572 3540 expositio
597 3457 739 3541 Gruppio
765 3462 795 3520 ot
818 3457 951 3521 Lehrsio
975 3481 1037 3521 non
1053 3457 1187 3541 placuit.
1232 3456 1287 3521 Ille

120 3567 267 3650 opinatur
301 3566 435 3629 leaenam
470 3588 488 3627 a
523 3565 645 3648 Pyrrho
670 3569 702 3628 et
725 3564 910 3629 Nearchum
934 3590 952 3628 a
974 3565 1076 3629 lcaena
1100 3565 1215 3642 amari,
1240 3565 1287 3629 hic

118 3674 251 3737 leaenam
276 3673 309 3734 in
332 3671 516 3735 Nearchum
540 3673 661 3735 irruere
677 3676 798 3756 putat‚“
820 3673 873 3755 qui
891 3673 953 3735 sihi
969 3694 1105 3756 puerum
1120 3671 1287 3754 pulchrum

96 3768 153 3845 ¹et
188 3783 328 3844 amatum
363 3780 403 3842 ab
435 3802 472 3842 ea
496 3779 677 3842 abalienare
702 3782 860 3856 conatur‚“
893 3785 989 3863 atque
1012 3780 1199 3844 Nearchum
1224 3803 1287 3846 cun

120 3889 221 3953 leaena
245 3893 462 3972 pugnaturum
498 3911 574 3952 esse.
622 3888 674 3953 Ab
703 3890 752 3953 his
779 3890 869 3953 miris
900 3889 1000 3952 initiis
1031 3886 1185 3971 profectis
1208 3886 1287 3950 hauc

122 3997 251 4061 difficile
276 3997 320 4059 eis
344 3996 406 4059 fuit
428 3996 571 4060 invenire
594 3998 765 4079 pertubata
789 3997 892 4061 onmia
909 3999 941 4060 et
958 3995 1086 4060 confusa
1103 3995 1136 4058 in
1153 3994 1287 4058 carmin<

123 4127 191 4168 esse
216 4109 247 4167 et
270 4104 415 4167 irrisione
439 4102 703 4186 cavillationeque
727 4108 890 4187 tamquam
913 4103 1041 4188 flagello
1065 4103 1179 4167 fictum
1193 4100 1287 4165 Pseu·
