2766 4590
164 367 321 432 incuriam
346 367 546 451 exprimeret,
571 389 607 430 ex
632 364 735 429 catulo
760 364 898 429 iudicem
922 365 1104 429 certaminis
1126 365 1247 443 facere,
1272 388 1352 430 nam

165 474 290 538 catulus
313 473 402 537 nulla
424 495 482 536 sua
504 473 667 537 voluntate
690 472 825 536 leaenam
848 474 975 536 secutus
1000 475 1092 536 esset.

497 622 584 675 Qualis
604 623 648 667 aut
666 622 761 668 Nireus
780 621 829 667 fuit
848 622 892 667 aut
911 634 1009 679 aquosa

498 711 598 770 Raptus
617 711 649 756 ab
668 711 722 757 Ida.

278 848 401 912 Peerlc.
426 848 528 912 credit
553 855 664 931 raptus
686 849 885 912 substantive
908 848 961 912 1110
985 847 1134 931 usurpari
1158 870 1223 911 non
1240 869 1348 930 posse,

164 978 262 1038 qnare
286 978 343 1040 pro
366 955 430 1036 fuit
459 956 598 1020 scribere
622 955 691 1018 vult
710 977 801 1039 peter,
826 978 922 1039 quam
945 978 1055 1020 vocem
1078 955 1235 1019 Horatius
1252 955 1352 1019 facil·

163 1062 239 1126 lime
274 1063 429 1146 potuisset
464 1062 626 1126 adhibere.
685 1062 821 1125 Mutatio
856 1066 965 1125 tamen
992 1085 1056 1125 non
1079 1066 1128 1125 est
1151 1062 1350 1136 necessaria,

164 1191 267 1251 neque
303 1169 446 1233 codicum
480 1169 573 1233 lectio
607 1172 656 1233 est
689 1169 962 1253 reprehendenda.
1020 1168 1104 1232 Vide
1128 1169 1276 1232 eiusdem
1301 1169 1351 1232 rei

166 1299 224 1355 ex,
250 1298 320 1359 quae
345 1276 454 1339 attulit
476 1275 754 1360 Naegelsbachins,
779 1276 843 1340 stil.
868 1277 940 1341 Lat.
965 1301 997 1361 p.
1024 1278 1076 1340 73.

270 1383 394 1460 Restat,
411 1388 446 1446 nt
462 1383 561 1447 verba
572 1386 694 1466 pouisse
709 1384 813 1465 fertur
829 1385 1019 1447 intueamur.
1044 1382 1146 1447 Nemo
1170 1383 1350 1446 infitibitur

163 1490 318 1574 languida
341 1490 410 1553 haec
434 1512 512 1566 esse,
538 1512 608 1572 quae
632 1490 755 1553 utinam
779 1491 948 1574 qnisquam
971 1490 1134 1554 tolerabili
1161 1489 1350 1561 coniectura

162 1601 288 1660 mutare
317 1600 441 1680 posset!
488 1596 601 1680 Unger
626 1597 760 1661 coniecit
782 1598 889 1679 fervet.
935 1596 1058 1661 Peerlc.
1083 1597 1185 1662 credit
1209 1596 1349 1662 eandem

165 1704 310 1767 ferrendi
333 1704 398 1767 vim
418 1705 451 1767 in
475 1705 571 1768 verbo
587 1704 692 1785 fertur
714 1705 817 1769 inesse
833 1726 935 1788 posse,
960 1705 1044 1787 quod
1059 1727 1121 1768 non
1143 1705 1347 1790 significaret

163 1812 248 1875 idem
270 1813 353 1894 qnod
369 1812 496 1893 dicitur,
520 1812 575 1875 sed
599 1834 669 1874 curn
692 1814 806 1896 tropetn
831 1814 906 1875 ruit.
946 1811 1008 1876 Sed
1024 1834 1128 1894 neque
1143 1813 1271 1876 fervere
1287 1837 1345 1879 ne-

162 1941 224 2002 que
241 1942 314 1982 cnm
328 1919 454 2002 impetu
473 1941 565 1982 ruere
590 1919 735 1983 convenit
751 1942 823 1983 01111
838 1919 962 1982 incuria
979 1923 1010 1982 et
1025 1918 1245 2003 neglegentia,
1262 1944 1343 2004 quas

164 2025 333 2090 Nearchus
357 2026 390 2088 in
415 2026 587 2089 certamine
612 2027 783 2109 spectando
808 2026 955 2089 ostendit.
1003 2024 1212 2088 Tutissimum
1236 2028 1345 2093 nescio

163 2155 205 2194 an
245 2132 288 2195 sit
321 2132 391 2196 haec
426 2133 524 2196 verba
557 2133 598 2194 ad
621 2155 747 2196 versum
776 2132 965 2215 explendum
990 2132 1099 2195 addita
1123 2155 1191 2196 esse
1216 2137 1343 2216 putare.

162 2237 270 2322 Atque
305 2243 373 2303 tota
407 2239 476 2304 haec
512 2240 569 2303 ode
598 2239 712 2323 exigua
739 2239 795 2302 illa
824 2239 962 2322 quidem,
999 2239 1055 2302 sed
1078 2261 1182 2322 neque
1207 2240 1344 2304 obscura

161 2367 265 2429 neque
289 2346 421 2410 Horatio
445 2347 579 2431 indigna
602 2347 751 2409 habenda
775 2349 832 2409 est.

680 2955 829 3053 XXI.

268 3164 337 3229 Hoc
366 3188 493 3229 carmen
515 3166 600 3229 inter
622 3165 839 3249 pulcherrima
861 3168 956 3230 huius
979 3167 1055 3231 libri
1086 3172 1143 3231 est.
1190 3166 1344 3235 Rotunda

160 3275 210 3334 est
234 3276 265 3335 et
290 3276 365 3354 apta
389 3272 582 3355 compositio,
613 3295 718 3355 neque
742 3273 917 3356 quidquam
940 3274 1001 3337 nisi
1026 3275 1241 3339 concinnitate
1264 3299 1341 3360 per-

161 3379 291 3441 turbata
316 3378 400 3440 demi
416 3382 530 3462 potest.
567 3379 859 3443 Commemorarnnt
880 3380 1059 3444 scholiastae
1077 3385 1108 3445 01
1125 3384 1341 3465 grammatici,

161 3482 256 3560 Acro,
290 3484 420 3569 Porph.,
456 3485 637 3563 Diomedem,
669 3487 791 3549 Marius
815 3487 1010 3565 VictorinuS,
1041 3486 1180 3551 Servius.
1228 3488 1342 3554 Nihilo

160 3591 265 3653 minus
299 3592 383 3654 male
411 3591 591 3656 mulcarnnt
619 3592 839 3676 hypercritici.
886 3593 932 3659 Ut
955 3617 1017 3657 non
1040 3594 1125 3657 inter
1148 3616 1182 3658 se
1206 3617 1341 3661 consen-

160 3698 253 3774 tiant,
288 3702 354 3760 tam
389 3721 473 3782 saepe
508 3699 578 3762 fieri
609 3699 697 3776 solet,
733 3700 784 3764 vix
807 3705 843 3764 ut
865 3701 1025 3764 mentione
1050 3701 1184 3785 dignum
1206 3702 1260 3780 sit',
1285 3705 1343 3768 sed

160 3804 243 3868 hanc
267 3827 363 3867 unam
386 3828 454 3868 rem
478 3806 701 3869 anctoritatem
725 3830 832 3870 eornm
856 3808 948 3872 valde
972 3808 1145 3887 infirmare,
1178 3809 1251 3891 quis
1278 3832 1344 3874 non

161 3910 268 3974 videt?
314 3911 404 3986 Quod
421 3912 484 3975 exzi
501 3913 608 3996 gratia
623 3912 745 3977 Peerlc.
763 3914 854 3996 quasi
871 3915 1016 3997 spurium
1032 3915 1127 3994 delet,
1144 3915 1178 3978 id
1195 3902 1344 4000 Gruppio

166 4017 433 4100 ,pulcherrimum
469 4023 501 4081 01
529 4019 661 4083 Horatio
692 4021 932 4105 dignissimum“
960 4022 1097 4100 videtur,
1122 4023 1206 4106 quod
1232 4028 1344 4088 autem

161 4121 281 4188 Peerlc.
317 4125 473 4190 intactum
508 4127 670 4209 relinquit,
699 4127 732 4190 id
757 4127 919 4211 Grnppins
942 4127 1114 4192 ridiculum
1138 4133 1170 4192 01
1192 4129 1343 4195 miserri-
