2766 4590
515 248 519 255 .
612 193 763 255 -4-

99 369 178 432 ratis
196 374 228 433 et
245 392 261 433 e
278 370 461 455 Bergkiano
484 371 536 435 illo
553 371 734 455 fragmento
752 375 886 454 apparet
904 371 939 453 ¹).
975 370 1039 434 Cur
1054 371 1155 435 nihilo
1171 371 1265 434 minus

100 476 258 559 cupiditas
288 477 344 540 illa
360 478 628 563 ¹interpolationes
651 478 770 561 ubique
795 477 934 542 occultas
957 482 1122 560 tamquam
1146 482 1266 542 noctur·

99 605 155 646 nos
191 581 329 648 lemures
365 588 396 648 et
431 585 535 648 larvas
570 585 699 649 videndi
733 589 799 648 tam
833 585 898 648 late
922 587 1041 668 vagata
1064 584 1116 661 sit,
1143 585 1269 649 diversae

99 694 174 754 sunt
198 713 311 754 causae.

208 796 349 861 Primam
378 802 409 861 et
437 798 648 881 principalem
672 820 800 862 causam
823 797 856 860 in
881 820 915 861 eo
940 797 1043 861 inesse
1066 802 1155 880 puto,
1193 798 1272 882 quod

103 903 197 966 multi
231 904 373 966 nativam
412 904 551 968 indolem
590 904 843 987 inventionisque
883 903 1072 968 felicitatem
1109 905 1271 969 ostendere

100 1009 275 1094 gestientes
299 1033 379 1073 nova
404 1014 436 1073 et
458 1033 516 1094 per
540 1033 573 1074 se
597 1011 726 1075 inventa
749 1032 894 1093 promere
915 1010 1034 1074 volunt.
1075 1010 1125 1073 De
1142 1010 1272 1074 Horatio

103 1121 170 1180 tam
192 1116 294 1180 multa
317 1117 437 1200 scripta
466 1122 548 1193 sunt,
578 1120 614 1179 ut
637 1117 701 1180 iam
726 1121 799 1180 ante
822 1116 1005 1179 Bentleinm
1027 1116 1179 1200 plurima,
1205 1132 1277 1200 quae'

100 1223 141 1286 ad
175 1222 351 1300 historiam,
386 1223 627 1308 mythologiam,
662 1246 765 1287 mores
794 1223 950 1306 antiquos,
987 1228 1046 1287 cet.
1072 1225 1270 1306 spectabant,

100 1333 238 1394 tractata
269 1333 384 1407 essent,
420 1330 496 1394 adeo
521 1335 556 1393 ut
579 1352 740 1414 perpauca
764 1334 922 1393 restarent
946 1330 1054 1414 digna,
1080 1346 1151 1413 quae
1178 1331 1270 1394 adde-

100 1441 220 1500 rentur.
267 1435 380 1519 Itaque
404 1436 510 1501 Bentl.
534 1459 572 1500 ea
596 1436 661 1500 sola
685 1437 805 1520 attigit,
831 1460 901 1520 quae
926 1437 965 1499 ad
982 1437 1153 1500 sanitatem
1171 1438 1268 1502 since-

100 1544 294 1626 ritatemque
317 1543 462 1607 lectionis
485 1543 699 1627 pertinebant.
746 1542 867 1607 Peerlc.
893 1544 1026 1607 eandem
1047 1543 1133 1607 viam
1150 1545 1269 1629 ingres-

100 1672 153 1713 sus
190 1651 378 1715 coniecturis
413 1651 581 1714 verborum
616 1653 795 1714 contextum
831 1651 997 1713 emendare
1017 1635 1185 1728 decrevit,
1220 1650 1268 1714 sed

101 1779 173 1821 cum
208 1779 262 1820 suo
297 1757 402 1821 dolore
438 1757 519 1820 vidit
549 1756 731 1820 Bentleinm
759 1756 841 1820 hanc
869 1757 1038 1820 materiam
1066 1780 1265 1841 praeoccupa·

99 1864 183 1928 visse
200 1863 237 1945 2).
283 1862 365 1926 Turn
399 1885 473 1927 vero
507 1863 767 1947 interpolationes
797 1863 955 1946 speculari
978 1864 1129 1941 instituit,
1154 1864 1265 1948 quain

100 1993 135 2033 re
169 1970 286 2032 multos
320 1974 432 2034 nactus
462 1974 510 2033 est
533 1971 719 2046 imitatores,
745 1991 879 2052 quorum
901 1974 1009 2034 tamen
1033 1971 1174 2054 ingenio,
1200 1993 1264 2034 acu·

100 2077 187 2141 mine
210 2077 325 2140 mentis
350 2077 557 2159 doctrinaque
573 2099 664 2140 nenio
682 2099 755 2139 eum
771 2077 920 2158 aequavit.
945 2076 996 2140 Ita
1012 2077 1127 2161 ingens
1144 2097 1262 2160 campus

100 2187 301 2246 strenuorum
335 2182 499 2245 hominum
532 2183 697 2247 industriae
733 2187 862 2266 apertus
887 2188 965 2261 erat,
995 2206 1068 2246 nam
1093 2206 1191 2266 quum
1213 2184 1263 2265 hy·

102 2289 266 2372 pereritici
289 2288 351 2351 fide
375 2289 527 2352 historica
551 2293 583 2353 et
605 2290 832 2372 probabilitate
853 2294 962 2373 spreta
983 2290 1160 2367 „intestinis
1177 2311 1262 2374 argu·

100 2395 235 2459 mentis“
264 2399 405 2472 utantur,
429 2395 461 2458 h.
487 2418 513 2459 e.
538 2397 667 2474 talibus,
692 2419 763 2479 quae
779 2397 812 2459 in
829 2397 960 2459 arbitrio
978 2402 1009 2459 et
1025 2418 1119 2459 sensu
1135 2397 1265 2480 ipsorum

100 2502 205 2585 posita
228 2506 312 2580 sunt,
337 2503 491 2585 sequitur,
516 2507 551 2565 ut
575 2507 652 2585 quot
675 2506 749 2565 sunt
772 2503 874 2567 critici
898 2504 1059 2586 variaeque
1081 2526 1190 2567 eorum
1206 2499 1264 2586 opi·

100 2609 219 2685 aiones,
244 2612 291 2672 tot
316 2610 413 2672 etiam
436 2610 579 2672 mutandi
603 2610 741 2673 rationes
764 2610 898 2693 proponi
921 2610 1052 2693 possint.
1092 2608 1160 2673 Ista
1176 2611 1268 2694 igitur

102 2714 228 2779 critices
252 2716 388 2779 materia
411 2715 599 2778 inexhausta
623 2720 671 2779 est
696 2720 727 2779 et
750 2717 885 2780 infinita.

209 2820 284 2884 Alia
318 2844 392 2885 vero
429 2826 476 2886 est
511 2845 616 2898 causa,
653 2823 736 2905 quod
764 2821 935 2886 Horatium
959 2824 999 2886 ad
1022 2845 1179 2887 summam
1204 2820 1274 2908 pul·

102 2927 292 2991 chritndinis
321 2928 460 3010 speciem
487 2929 671 3011 pervenisse
700 2933 824 3013 putant.
873 2929 977 3004 Quum
1001 2933 1108 2993 autem
1131 2931 1278 3015 singula

102 3057 170 3097 rem
204 3034 292 3097 illam
327 3056 458 3098 summae
487 3035 691 3118 perfectionis
720 3037 894 3120 imaginem
918 3036 973 3098 alii
997 3037 1091 3099 aliter
1115 3038 1220 3100 animo
1245 3030 1282 3097 el

102 3141 295 3224 cogitatione
320 3142 508 3225 concipiant,
534 3143 668 3206 diversis
691 3143 791 3205 modis
815 3141 956 3205 maculas
981 3144 1086 3207 eluere
1111 3149 1282 3208 conantum

102 3248 218 3330 quibus
242 3247 462 3330 imperitorum
485 3271 597 3312 manus
622 3271 692 3312 eam
715 3249 898 3330 inquinasse
923 3249 968 3312 eis
984 3250 1142 3313 videntur.
1191 3250 1282 3313 Hinc

103 3353 201 3415 etiam
223 3351 434 3437 Peerlcampi,
463 3353 588 3432 Lehrsi,
618 3354 784 3438 Gruppiff)
810 3353 943 3418 aliorum
967 3355 1124 3419 discordia
1147 3357 1282 3422 intelle‘

103 3459 201 3543 gitur.

179 3668 196 3731 ¹)
219 3679 273 3734 „On
301 3691 333 3723 ne
360 3680 423 3737 peut
452 3679 514 3725 dont
541 3694 589 3739 pas
618 3679 736 3735 s'etoner‚
756 3683 849 3739 qu'une
868 3681 990 3725 tentative
1010 3681 1221 3740 d’intorpolation
1244 3687 1282 3731 dir

102 3768 186 3825 temps
215 3767 246 3812 de
269 3766 379 3813 Sudtone
401 3769 436 3814 ait
460 3782 492 3814 eu
511 3769 533 3814 si
551 3783 601 3828 peu
621 3770 653 3814 do
672 3766 768 3824 succes,
788 3772 929 3828 qu’auouno
949 3772 1018 3815 traco
1037 3772 1093 3815 n'en
1113 3774 1152 3815 ost
1173 3775 1278 3821 arrivee

101 3853 204 3913 jusqu't
223 3851 304 3901 nous“
328 3854 414 3911 (Walz.
435 3872 461 3916 p.
483 3854 534 3912 55),

178 3934 196 3997 ⁹)
217 3945 312 3991 Peerlc.
332 3947 403 4004 prais.
424 3960 466 4005 pg.
487 3947 534 3993 III.

177 4023 195 4086 ³)
216 4035 357 4093 Gruppius,
376 4036 420 4093 qui
440 4049 486 4081 sua
505 4038 559 4081 arto
578 4037 617 4080 tot
637 4035 747 4081 carmina
766 4035 799 4080 ad
816 4036 958 4094 fragmenta
977 4050 991 4081 e
1011 4036 1111 4083 duabus
1132 4041 1282 4098 stultissimo

100 4122 218 4179 strophis
245 4123 388 4168 constantia
406 4124 513 4182 redegit,
540 4125 631 4170 Horati
650 4125 772 4170 vir-tutem
791 4126 866 4183 putat
885 4126 993 4171 maxime
1013 4127 1083 4171 cerni
1103 4128 1128 4171 in
1142 4142 1177 4182 re,
1198 4144 1278 4188 quarn
