2766 4590
603 194 775 256 -28-

100 371 241 437 habeant
269 371 404 452 singulae
433 394 569 454 qiiaeque
598 375 716 454 partes.
764 369 834 446 Qua
857 371 890 434 in
914 393 949 435 re
973 372 1113 455 primum
1136 373 1245 436 omniun

103 481 215 563 quinta
238 480 369 562 stropha
393 479 497 543 oculos
520 483 642 542 nostros
667 479 706 540 ad
730 500 763 541 se
787 479 957 542 convertit:

404 628 538 684 Cerberus,
558 628 674 686 ‹piarirvis
693 627 785 672 furiale
804 630 906 672 centum
928 680 931 687 Ι

404 717 519 763 Muniaut
539 729 634 772 augures
654 719 731 775 caput
750 717 813 772 eius,
834 720 911 775 atque

405 808 516 866 Spiritus
535 809 608 851 tator
628 807 762 864 saniesque
780 808 867 851 manet

406 898 455 943 Orc
475 896 598 953 trilingui.

210 1014 322 1080 Keller
358 1017 399 1078 22
435 1014 613 1098 philologos
642 1014 784 1098 insignes
808 1018 982 1091 enumerat,
1008 1014 1064 1097 qui
1088 1036 1157 1078 eam
1177 1037 1250 1098 repn-

105 1124 273 1187 diaverunt
289 1123 324 1204 ¹).
372 1122 494 1198 Quibus
530 1121 645 1184 addere
673 1143 839 1203 possumus
862 1120 1113 1200 Schwenckium,
1137 1120 1250 1206 Synner·

105 1230 253 1313 bergium
289 1234 385 1313 atque
421 1229 518 1292 etiam
552 1227 810 1312 Ljungbergium
844 1232 1029 1306 nostratem,
1053 1233 1089 1293 ut
1111 1249 1251 1293 numerum
1279 1278 1282 1283 .

102 1339 144 1400 25
170 1337 360 1419 expleamus.
397 1336 442 1399 Hi
466 1358 572 1399 omues
597 1335 784 1419 evestigio,
809 1336 955 1412 fidenter,
979 1336 1048 1399 sine
1072 1335 1249 1400 haesitatione

104 1449 136 1508 et
158 1444 379 1508 misericordia
403 1443 567 1526 stropham
591 1443 752 1505 damnant.
800 1442 836 1505 L.
854 1441 1004 1506 Mueller:
1035 1442 1120 1520 ,Hos
1136 1442 1252 1513 versusl,

104 1552 218 1634 inquit,
249 1551 293 1629 ,si
316 1551 496 1633 scripsisset
519 1549 608 1625 Hor,
633 1549 757 1632 indigni
781 1548 914 1613 hercule
938 1554 1031 1613 erant
1054 1550 1130 1614 libri
1151 1547 1252 1625 clusin

104 1659 219 1742 quibus
243 1657 444 1721 recensendis
468 1656 574 1720 Bentl.
592 1660 623 1719 et
639 1655 820 1719 Meinekius
838 1660 870 1719 et
885 1657 1168 1740 praestantissimus
1186 1655 1252 1740 quis·

104 1788 166 1850 que
189 1765 330 1828 locarent
356 1786 494 1847 operam.
542 1762 603 1827 Sed
628 1763 712 1826 eninr
736 1785 798 1825 non
821 1763 978 1847 scripsit,“

210 1872 422 1948 Quaeccntra
445 1870 608 1952 stropham
633 1870 791 1946 dicuntur,
815 1870 885 1934 haec
908 1874 996 1934 sunt:

213 1979 246 2061 1)
269 1977 379 2042 Verba
414 1979 479 2040 eius
513 1984 604 2060 ctqroe
632 1999 758 2060 prosam
788 1977 960 2061 orationem
983 1976 1128 2041 redolent
1151 1981 1180 2041 et
1198 1976 1252 2038 lan-

104 2087 203 2171 guida
226 2089 309 2148 sunt.

212 2193 246 2275 2)
273 2191 374 2255 Tota·
397 2189 585 2254 vocabulum
610 2213 626 2253 e
649 2190 771 2254 melicis
794 2191 909 2256 Horati
934 2191 1114 2255 eiciendum
1138 2194 1191 2254 est.

219 2300 253 2382 3)
277 2299 356 2374 Quae
379 2299 440 2361 hac
464 2297 595 2380 stropha
619 2299 830 2375 continentur,
854 2298 1047 2362 fastidienda
1072 2302 1105 2361 et

130 2488 132 2493 ¹
212 2407 245 2489 4)
269 2429 309 2470 ne
345 2411 420 2490 apta
455 2407 584 2489 quidem
618 2409 700 2468 sunt.
747 2404 780 2468 N
782 2429 833 2468 aru
856 2405 995 2488 corporis
1020 2405 1182 2468 dumtaxat
1200 2402 1250 2465 foe-

105 2514 188 2577 ditas
223 2513 354 2577 Cerberi
389 2514 584 2598 depingitur,
620 2535 718 2595 (proram
752 2513 966 2576 necessarium
1002 2516 1086 2576 esset
1120 2507 1252 2576 fericius

106 2620 203 2684 animi
226 2621 419 2683 mentionem
442 2621 551 2684 facere
568 2619 606 2702 ²).

213 2727 247 2808 5)
271 2726 409 2809 Stropha
444 2726 529 2789 nullo
565 2727 678 2789 damno
703 2727 795 2789 eximi
818 2729 933 2809 potest.
979 2724 1106 2789 Nomen
1131 2724 1254 2789 cartoro
1287 2728 1291 2821 ¹i

107 2855 378 2916 supervacaneum
414 2837 471 2910 est,
507 2834 625 2916 qorippe
650 2833 732 2915 (perard
756 2833 861 2896 verbis
885 2834 1003 2895 ianitor
1027 2834 1173 2896 luzano-nis
1192 2826 1256 2893 cult
1288 2830 1291 2907 ξ

103 2940 183 3004 satis
207 2940 383 3003 indicatum
407 2944 439 3002 et
463 2939 736 3021 circumscriptum
760 2939 810 3001 sit.
1288 2920 1291 2935 ¹

212 3046 336 3109 Horum
359 3048 499 3129 pondera
523 3046 631 3108 ordine
656 3045 849 3109 exanrinabo.

216 3153 248 3234 1)
273 3152 472 3215 Vocabulum
496 3159 587 3235 (atquc
610 3152 715 3234 paullo
740 3153 875 3215 ieiunius
900 3174 968 3216 esse
992 3154 1120 3217 videtur
1144 3158 1174 3217 et
1187 3148 1256 3215 Nae·
1288 3132 1291 3161 ⁵

108 3260 173 3337 kio,
197 3259 322 3332 Bothio,
340 3258 496 3335 Bentleio,
515 3258 585 3321 aliis
603 3258 775 3341 displicuit,
792 3260 919 3337 iniuria,
932 3264 968 3324 ut
981 3261 1115 3344 opinior.
1161 3253 1256 3340 Sapis·

107 3368 186 3430 sime
222 3366 307 3429 enim
341 3365 494 3429 Horatius
529 3367 703 3428 sententias
727 3367 757 3428 in
784 3368 868 3430 exitu
891 3390 1040 3431 versuum
1065 3367 1216 3431 exorditur
1233 3357 1259 3419 el

107 3473 141 3536 in
164 3495 267 3549 versu,
293 3494 364 3554 quae
388 3471 541 3554 sequitur,
565 3473 703 3555 peragit.
751 3473 915 3536 Eiusmodi
929 3474 1163 3538 enuntiationes
1178 3473 1257 3536 intro·

108 3580 256 3644 ducentia
280 3579 312 3641 in
338 3582 476 3642 extrema
500 3602 649 3642 versuum
672 3584 763 3662 parte
787 3581 891 3662 posita
914 3580 1069 3644 vocabula
1093 3584 1166 3644 sunt
1187 3589 1258 3662 pron·

108 3687 175 3763 rel,
201 3685 292 3761 coni,
317 3685 398 3761 adv,
422 3708 569 3768 praepos,
595 3689 649 3748 aut
672 3685 899 3768 monosyllaba,
923 3690 959 3751 ut
982 3689 1082 3769 etsi,
1106 3690 1170 3773 qui,
1185 3671 1257 3770 qaod,

108 3815 186 3874 corna,
211 3800 256 3870 ut,
280 3814 327 3871 ne,
352 3813 403 3874 aaa,
428 3814 494 3871 cor,
521 3796 575 3854 aut
600 3792 766 3875 disyllaba,
784 3797 820 3855 ut
837 3795 926 3875 inter,
944 3815 1024 3878 cryc,
1042 3816 1157 3879 scrupe,
1168 3801 1258 3878 parth

219 4056 236 4118 ¹)
255 4065 354 4124 Epileg.
375 4065 394 4110 1:
415 4065 473 4110 226.

218 4145 237 4208 ⁹)
256 4155 286 4200 L.
306 4154 420 4208 Mueller,
440 4154 479 4199 cd.
499 4154 557 4198 anni
578 4155 654 4208 1882,
673 4167 731 4212 pag.
752 4156 811 4201 226.
