2804 4582
564 208 738 270 -35-

171 383 299 448 Interea
335 385 566 448 observandum
601 389 659 461 est,
688 385 785 448 etiam
816 388 957 451 codicem
980 386 1088 450 bland.
1113 392 1240 467 vetust.‚

63 516 159 577 quem
183 491 294 556 Keller
316 492 421 556 tertiae
446 491 539 556 classi
568 497 766 569 annumerat,
795 494 885 557 nobis
909 495 1055 577 praebere
1072 495 1242 560 lectionem

61 601 145 663 oncle
168 601 324 677 amicalia,
354 599 443 663 cuius
471 599 519 662 rei
546 598 657 662 Keller
680 600 714 662 in
738 600 793 677 eis,
819 624 889 684 qnae
915 602 1009 665 adh.
1034 602 1055 665 l.
1081 625 1240 667 commen-

68 711 156 770 tatus
181 710 229 769 est
246 706 282 788 1),
306 705 427 769 nullam
454 706 533 769 facit
560 707 762 770 mentionem.
809 707 911 771 Addit
933 708 1006 771 Gru.
1030 709 1115 773 haec:
1141 710 1243 786 Quam

61 814 233 878 lectionem
258 814 381 876 omnino
406 814 499 877 credo
523 814 711 877 servandam
734 814 982 879 reclamantibus
1005 817 1148 881 omnibus
1166 818 1237 881 aliis

65 921 170 997 mstis,
195 943 266 1004 quae
290 920 403 1004 legunt
426 923 606 983 norninotis
642 920 714 984 Non
739 925 796 998 est,
821 923 904 1004 quod
927 922 986 986 hoc
1011 923 1135 986 silentio
1151 947 1237 1007 prae-

60 1033 233 1104 tereamus‚
270 1050 368 1111 quum
396 1028 516 1110 Cruqui
541 1028 671 1110 eiusque
695 1029 953 1091 membranarum
978 1031 1150 1094 auctoritas
1173 1035 1241 1095 tam

61 1158 150 1219 saepe
171 1159 189 1198 a
212 1135 341 1198 Kellero
364 1135 398 1197 in
422 1135 652 1198 dubitationem
675 1139 788 1199 vocata
812 1140 844 1198 et
867 1136 1057 1219 impugnata
1081 1137 1131 1201 sit.

170 1241 384 1305 Plurimorum
408 1242 551 1306 codicum
574 1241 667 1305 lectio
692 1245 862 1305 corniculis
884 1264 946 1306 non
968 1247 1015 1306 est
1032 1248 1163 1327 accepta
1179 1246 1241 1310 nisi

62 1373 82 1412 a
105 1348 272 1426 Lambino,
307 1349 363 1432 qui
402 1349 604 1427 „dubitanter
639 1353 671 1412 et
694 1349 879 1433 singultim“
909 1373 978 1412 eam
1003 1351 1146 1414 defendit
1170 1375 1241 1416 cum

62 1478 172 1541 graeca
195 1478 280 1533 voce,
317 1478 388 1538 quae
425 1459 472 1518 est
508 1454 691 1538 δυσώνυμος,
728 1479 924 1539 comparans,
961 1460 992 1519 et
1026 1461 1098 1540 post
1128 1481 1199 1522 eum
1223 1484 1242 1523 a

61 1562 197 1626 Rittero.
224 1562 456 1645 Luebkeroque
497 1561 550 1643 (ne
590 1563 694 1626 dicam
733 1563 891 1626 Bondium
916 1564 1057 1647 aliosque
1081 1565 1240 1630 minorum

62 1669 233 1755 gentium).
281 1669 408 1732 Bentlei
442 1669 576 1732 mutatio
610 1671 794 1733 inumbratio
817 1669 974 1753 Haupti0,
999 1670 1171 1749 Meinek10‚
1201 1672 1238 1737 L.

62 1775 230 1854 Mueller0,
265 1775 412 1840 Nauckio
448 1776 582 1858 aliisque
609 1776 769 1839 nonnullis
793 1778 928 1860 probata
963 1781 1020 1841 est.
1078 1776 1240 1842 Praeterea

63 1885 200 1948 editores
235 1884 375 1947 retinent
398 1885 479 1946 myrin
507 1885 654 1946 circinatis
681 1906 745 1946 una
773 1906 844 1947 cuni
872 1883 973 1960 hiatu,
999 1906 1093 1966 quem
1123 1884 1196 1948 iude
1223 1909 1241 1948 a

28 2040 29 2047 1
62 1991 209 2055 Bentleio
246 2013 352 2054 rerum
385 1991 592 2054 metricarum
616 1990 827 2073 peritissimus
852 1991 986 2073 quisque
1011 1993 1184 2055 absurdum
1209 1996 1241 2055 et

62 2099 132 2162 sine
157 2085 301 2181 exemplo
322 2120 389 2161 esse
414 2097 530 2161 docuit.

171 2205 320 2268 Ceterum
359 2226 465 2268 omnes
505 2204 826 2268 emendaturientium
865 2208 993 2268 conatus
1033 2209 1064 2268 et
1100 2206 1240 2269 diversas

63 2312 201 2396 explicat
202 2312 300 2389 iones,
335 2312 413 2394 quid
447 2312 509 2375 sibi
543 2311 643 2375 velint
630 2313 757 2394 toirqc
748 2313 813 2373 ines
847 2315 879 2374 et
914 2313 1004 2374 bicen
995 2333 1045 2393 i‚es
1080 2314 1173 2395 pueri
1208 2316 1240 2375 et

55 2441 122 2504 pue
124 2420 185 2495 llos,
222 2441 408 2482 enumerare
442 2418 573 2503 longum
608 2421 665 2481 est.
728 2417 762 2481 Si
798 2418 849 2481 cui
883 2422 1009 2501 tenipus
1044 2419 1203 2502 suppedit
1197 2424 1238 2496 o,t

60 2548 214 2610 magnam
237 2526 467 2589 sententiarum
492 2525 726 2608 propositarum
749 2528 823 2608 part
826 2547 875 2588 em
892 2526 976 2607 apud
992 2525 1194 2589 Kellerunil.
1213 2551 1239 2590 c.

60 2634 171 2718 legere
183 2636 298 2716 potest.
324 2632 444 2696 Versus
461 2632 540 2696 mihi
557 2632 686 2716 quidem
702 2632 823 2696 servari
839 2654 900 2694 non
916 2655 1008 2715 posse
1025 2633 1161 2710 videtur,
1178 2634 1240 2696 nisi

62 2745 119 2804 aut
147 2740 274 2803 Bentlei
299 2740 534 2804 emendationes
558 2761 620 2802 non
644 2762 700 2822 pro
724 2742 790 2802 ioca
813 2743 845 2803 et
868 2741 1052 2802 incontentia
1075 2763 1132 2823 pro
1157 2742 1236 2802 orni-

60 2849 147 2911 1111ίὶ3
170 2849 351 2931 probamus,
377 2847 460 2929 quod
484 2846 511 2908 si
534 2846 580 2922 fit,
605 2847 685 2908 mole
708 2845 801 2928 plane
825 2868 1098 2928 supervacaneum
1122 2849 1153 2909 et
1178 2847 1238 2909 oti-

62 2977 152 3019 osum
175 2954 345 3038 supplendi
367 2953 492 3016 numeri
517 2974 612 3017 causa
635 2952 830 3016 inculcatum
854 2956 911 3030 est,
937 2956 992 3016 aut
1015 2953 1138 3036 Bergki
1165 2975 1239 3016 con-

61 3060 230 3138 iecturam,
249 3083 345 3144 quam
359 3061 510 3143 optimam
523 3063 611 3143 puto,
625 3059 832 3142 accipiamus:
850 3062 915 3122 inm
930 3061 1034 3122 circem
1051 3067 1241 3144 expertosque

59 3169 143 3231 male
177 3170 333 3231 eminulis
386 3167 455 3243 Qua
491 3190 526 3230 re
560 3166 769 3230 mutationem
802 3167 892 3229 illam
919 3188 981 3229 noa
1004 3189 1061 3249 pro
1085 3170 1240 3243 mstornm

61 3277 129 3338 iam
164 3275 286 3339 amoliti
320 3274 406 3338 idem
441 3274 672 3356 consequimur,
708 3295 747 3336 ne
777 3280 909 3356 expertri>
870 3274 973 3336 tad
991 3274 1108 3356 puellae
1130 3295 1240 3337 vocem

60 3384 136 3467 pert
136 3381 224 3445 ineat
240 3381 276 3464 ²).
313 3381 392 3444 Hiat
379 3384 431 3444 tus
455 3380 706 3444 commodissima
728 3403 765 3442 ra
766 3380 851 3443 tione
879 3381 947 3444 vita
948 3384 1054 3457 tuna
1036 3384 1132 3462 atque
1155 3379 1237 3442 illud

60 3509 120 3574 que
154 3488 187 3551 in
222 3488 310 3552 codd.
346 3510 404 3571 per
438 3487 521 3572 sigla
556 3487 656 3570 script
656 3510 711 3549 um
745 3486 898 3550 facillime
923 3487 1065 3550 excidere
1087 3486 1240 3569 potuisse,

62 3617 162 3678 quum
195 3599 374 3678 praesertim
409 3594 534 3657 insolito
570 3598 654 3657 esset
687 3593 764 3670 loco,
801 3594 871 3676 quis
908 3597 965 3671 est,
1001 3593 1078 3676 quin
1112 3592 1241 3656 videat?

175 3877 192 3940 1)
211 3885 311 3945 Epileg.
331 3886 351 3931 I:
373 3887 432 3941 235,
453 3899 491 3944 sq.

174 3965 192 4029 ⁹)
211 3976 267 4022 Hoc
286 3975 363 4020 etiam
382 3974 465 4021 Madv.
486 3971 557 4030 (Λᾶν.
577 3973 639 4020 crit.
659 3974 693 4019 II:
715 3969 757 4026 55)
778 3974 913 4018 assecutus
927 3970 976 4027 est,¹
994 3972 1039 4030 qui
1057 3973 1174 4033 scripsit:
1188 3985 1242 4035 cos,

62 4060 178 4126 apocri
197 4065 221 4110 et
234 4058 335 4124 puellae
354 4065 377 4109 et
406 4060 461 4109 iam
479 4059 569 4109 cirum
589 4064 714 4124 expertos,
733 4065 781 4118 cet,
801 4076 851 4120 qna
869 4063 954 4107 tamen
973 4061 1081 4107 lectione
1099 4062 1186 4109 hiatus
1205 4064 1242 4107 in-

61 4155 151 4201 tactus
169 4155 264 4200 manet.
