2766 4590
594 236 767 296 ,21-

96 438 173 478 nem
196 412 328 487 faciant,
353 411 464 494 liquet.
512 411 618 475 Ritter
642 415 673 475 et
696 409 837 476 Dillenb.
862 416 976 495 putant
996 435 1149 478 sermones
1165 416 1266 500 signi·

95 525 187 587 ficare
211 524 320 585 literas
343 520 529 603 (literatus),
555 520 638 602 quod
662 542 725 583 non
748 519 843 583 facile
866 520 937 583 fieri
960 525 1075 603 potest,
1100 522 1176 604 quia
1197 522 1272 587 sine

98 631 233 714 exemplo
269 632 325 692 est.
372 627 478 692 Bentl.
515 627 648 691 coniecIt
685 628 770 689 Cilm'
807 649 863 710 pro
889 628 1015 710 ltaque,
1051 630 1134 711 quod
1158 633 1267 692 tamen

97 761 205 821 parum
228 737 344 820 placet,
368 730 443 798 nam
467 756 572 817 neque
598 735 684 797 celat
706 734 809 797 simile
826 738 874 797 est
891 735 1006 817 liemare
1022 735 1184 812 vocabulo,
1209 759 1266 799 ne-

99 867 155 928 que
186 844 265 907 Hor.
301 844 334 906 in
364 843 503 906 carmine
532 842 650 905 eodem
665 841 798 914 eundem
823 841 984 905 hominem
1008 842 1140 905 diversis
1164 843 1266 906 nomi-

99 951 153 1014 bus
187 951 307 1034 alloqui
341 949 430 1014 solet.
478 949 559 1012 Eam
594 949 697 1032 ipsam
733 949 772 1011 cb
800 971 867 1011 rem
891 949 1027 1012 editores
1051 949 1085 1010 in
1108 947 1165 1013 IV:
1191 952 1221 1026 2,
1247 952 1266 1012 2

98 1056 226 1122 Peerlczi
262 1058 476 1121 coniecturam
512 1057 563 1119 ille
596 1078 653 1139 pro
687 1055 757 1118 lule
792 1060 993 1138 acceperunt.
1051 1055 1131 1119 Vult
1170 1058 1267 1120 etiam

100 1170 217 1229 vertere
241 1173 285 1247 to,
310 1167 364 1249 qui
387 1171 414 1227 ιι
438 1165 607 1226 latiomaus
633 1170 660 1226 ιι
680 1184 854 1246 praecorum
879 1163 973 1225 libros
994 1171 1138 1226 oeeorote
1154 1165 1265 1248 lepisti.

103 1271 141 1336 Et
153 1273 221 1336 baec
239 1276 271 1335 et
286 1290 357 1354 qnae
374 1270 429 1334 alii
445 1274 677 1354 proposuerunt
692 1270 824 1333 molesta
842 1272 864 1332 ιι
880 1270 974 1354 louge
990 1272 1092 1353 petita
1108 1272 1265 1335 videntur.

103 1378 134 1442 L.
160 1379 296 1442 Mueller
324 1379 357 1441 in
387 1378 524 1442 editione
549 1378 709 1461 germanis
734 1377 989 1441 annotationibus
1012 1378 1168 1442 instructa
1192 1400 1266 1463 gor-

103 1486 180 1549 dium
214 1487 332 1550 nodum
365 1485 511 1569 apposita
539 1505 631 1551 cruce
655 1485 747 1568 qnasi
772 1484 878 1569 gladio
902 1484 996 1548 solvit
1020 1489 1051 1547 et
1075 1486 1172 1548 verba
1197 1509 1266 1549 eor—

105 1598 188 1676 rupta
223 1615 291 1656 esse
328 1593 512 1656 arbitratur.
560 1592 656 1655 Oodd.
693 1596 800 1655 tamen
834 1591 955 1655 nullam
985 1593 1109 1655 omnino
1140 1615 1267 1656 causam

107 1702 249 1782 prebent,
286 1723 342 1763 cur
377 1699 423 1762 ita
450 1703 608 1782 putemus.
660 1698 775 1763 Nescio
801 1723 841 1762 an
864 1698 1048 1762 Schuetzius
1072 1704 1158 1764 recte
1183 1701 1268 1765 dicat

108 1812 220 1890 poetam
255 1807 358 1870 iocose
388 1807 582 1870 alludentem
605 1828 673 1869 rem
698 1806 838 1888 aliquam
862 1806 1054 1890 significare,
1091 1830 1187 1890 quam
1210 1831 1267 1871 nos
1329 1799 1333 1818 ’

109 1913 286 1998 ignoremus,
333 1913 419 1976 Talis
443 1914 529 1977 iocus
554 1935 651 1995 quum
674 1913 808 1976 fortasse
832 1918 904 1995 post
927 1936 1043 1996 paucos
1069 1937 1165 1977 annos
1188 1915 1267 1997 ipsis

84 2096 88 2115 ι
110 2018 263 2086 Maecenati
288 2025 320 2084 et
343 2020 441 2084 Hono
464 2021 676 2083 subobscurus
700 2018 807 2095 fuerit,
833 2020 910 2103 quid
933 2020 1060 2098 mirum,
1085 2021 1112 2083 si
1128 2043 1184 2083 nos
1200 2025 1267 2084 tam

84 2154 86 2159 ¹
112 2125 187 2213 longo
210 2128 364 2211 temporis
388 2127 491 2211 spatio
515 2127 680 2191 interiecto
705 2127 782 2210 quid
798 2127 860 2190 sibi
876 2127 954 2190 velit
969 2150 1031 2190 non
1047 2127 1124 2190 satis
1141 2128 1266 2211 aperire

84 2231 87 2293 i
114 2237 270 2316 possimus?

84 2308 90 2433 ι
200 2342 321 2407 Vocem
344 2342 512 2423 foreerotus
532 2342 692 2405 insolitam
708 2342 760 2405 hic
776 2341 895 2404 habere
912 2342 1188 2426 significationem,
1205 2364 1267 2405 non

84 2436 89 2561 ὲ
115 2449 198 2532 nugis
234 2453 292 2525 est,
318 2472 373 2512 cur
396 2448 549 2511 miremur
572 2449 657 2531 apud
680 2447 815 2511 Hormm
843 2449 1028 2525 „verborum
1052 2451 1266 2512 novatorem¹‘.

84 2566 91 2623 ,1
117 2549 239 2618 Eandem
263 2560 421 2638 praeterea
444 2555 509 2618 vim
532 2554 631 2618 habet
654 2555 739 2638 apud
762 2554 955 2618 Petronium.
1191 2624 1194 2632 ,

84 2630 91 2693 l
160 2720 171 2740 ,
201 2661 319 2726 Utrum
343 2663 465 2725 consule
491 2661 582 2724 Tullo
598 2662 798 2746 significetur
813 2662 850 2725 L.
872 2661 1036 2726 Volcatius
1053 2661 1174 2739 Tullus,
1192 2685 1267 2726 con-

84 2750 86 2839 s
118 2766 152 2828 sul
171 2793 215 2833 am
239 2770 293 2846 33,
330 2792 370 2831 an
398 2773 490 2852 pater
522 2769 599 2844 eius,
625 2768 793 2832 diiudicari
816 2770 937 2852 nequit.
984 2768 1048 2832 Res
1072 2774 1179 2832 autem
1202 2773 1268 2831 tam

84 2867 178 2937 levis
200 2876 286 2938 nullo
310 2876 401 2938 modo
426 2897 554 2938 causam
578 2875 728 2956 continet,
753 2898 809 2939 cur
832 2880 934 2939 totum
952 2898 1079 2940 carmen
1096 2875 1267 2939 deleamus.

84 2978 93 3067 ι
203 2982 276 3046 Sine
306 2982 390 3045 omni
418 2982 486 3044 iure
514 2980 636 3044 Peerlc
661 2982 807 3045 verbar
782 3003 867 3045 serrae
890 2983 1015 3065 cyathos
1038 3004 1089 3044 cerr
1093 2990 1157 3045 ιιιιιι
1182 3003 1268 3066 aegre

84 3080 93 3107 ’
117 3086 182 3151 tulit.
232 3089 397 3168 „Subrium
413 3088 601 3165 hominem,ss
624 3089 778 3152 exclamat
764 3089 841 3165 tP,
866 3111 956 3172 quasi
949 3089 1129 3152 hoeserio
1147 3089 1212 3153 dict
1199 3093 1268 3152 tum

84 3162 88 3293 ζ
118 3190 157 3256 Sit!
199 3197 296 3272 Quasi
320 3195 430 3258 Horf
422 3195 520 3259 meari
542 3217 604 3258 non
627 3218 666 3277 po
669 3196 780 3258 tuerit.
754 3195 952 3259 wanti
894 3199 1011 3258 troca
1013 3196 1113 3259 tiones
1137 3196 1268 3260 cavilla-

84 3296 260 3386 tionesque
283 3326 410 3386 prorsus
427 3303 563 3386 ignoret
587 3325 715 3365 necesse
733 3306 790 3369 est
815 3303 1006 3385 quicumque
1022 3302 1269 3385 superlationem

84 3416 86 3497 ι
119 3400 204 3472 dedita
173 3413 324 3493 taope1a
347 3409 413 3472 fact
400 3413 466 3471 tam
490 3408 523 3471 in
546 3409 596 3471 his
620 3409 758 3472 verbis
750 3431 852 3472 messe
875 3432 937 3472 non
961 3408 1131 3492 intellegit.
1179 3408 1268 3483 Quod

84 3538 87 3581 f
118 3527 137 3571 ⁸1
163 3517 227 3598 quis
262 3516 361 3579 nihilo
386 3515 489 3578 minus
512 3518 636 3578 mutare
660 3513 849 3598 vul-t(quod
872 3516 1085 3579 necessarium
1108 3538 1168 3578 non
1195 3516 1266 3598 est)

84 3634 86 3651 ¹
118 3611 154 3681 Pi
173 3624 248 3687 coni.
273 3631 353 3706 septe
339 3645 385 3686 em
408 3622 493 3685 haud
517 3621 674 3684 malat
626 3626 683 3684 est.
731 3620 809 3705 Sept
811 3644 860 3685 em
884 3623 968 3685 enim
992 3625 1065 3684 suut
1051 3621 1126 3684 tlit
1113 3626 1191 3685 terac
1211 3645 1267 3684 no-

118 3724 200 3806 minis,
236 3731 319 3812 quod
355 3733 402 3792 est
426 3729 570 3808 Flaccus,
607 3733 703 3811 atque
730 3728 763 3790 in
792 3729 1075 3812 compotationibus
1098 3751 1165 3791 mos
1189 3731 1267 3803 erat,

118 3832 143 3890 11ι
161 3839 202 3898 tot
226 3836 357 3920 cyathos
381 3837 556 3913 haurirent,
581 3839 658 3919 quot
680 3835 782 3899 literae
806 3836 839 3897 in
862 3836 987 3898 nomine
1004 3835 1191 3917 compotoris
1209 3834 1268 3897 ali-

119 3938 187 4004 cuius
209 3944 345 4006 inerant.

204 4049 244 4114 V.
271 4051 322 4112 15.
370 4050 483 4131 Perfer
512 4050 601 4113 'idem
637 4053 685 4113 est
720 4050 802 4132 quod
837 4049 967 4126 sustine,
1004 4049 1086 4131 quod
1114 4048 1269 4111 siminus
