2766 4590
571 196 745 259 ..59-

56 369 282 455 applicemus:
312 370 461 435 immunis
483 394 596 435 manus
621 395 711 456 aeque
734 373 878 457 placabit
901 376 974 440 deos
997 377 1083 442 t'arre
1108 384 1140 444 et
1162 380 1247 444 mica

54 478 151 555 salis,
182 477 285 541 nihilo
309 478 431 562 gratior
453 478 563 542 futura
586 484 717 563 propter
740 487 957 565 sumptuosam
982 484 1129 550 hostiam.
1177 486 1247 550 Du-

58 589 194 649 entzero
228 588 260 648 et
290 584 452 649 Meinekio
476 586 610 669 candide
635 588 870 651 eoncedendum
894 594 952 666 est,
977 593 1147 656 verborum
1171 616 1246 658 con·

55 692 264 756 iunctionem
286 686 578 775 (constructionem)
602 693 661 758 hoc
684 695 776 758 modo
799 696 869 758 fieri
892 695 1090 779 implicatam
1115 704 1147 763 et
1171 723 1246 764 con·

54 803 194 871 tortam,
219 800 275 863 sed
297 821 405 862 rerum
421 801 625 864 metricorum
650 801 865 885 sermonisque
890 803 1098 869 difficultates
1122 808 1246 870 evitan-

54 912 125 984 tur,
144 911 258 990 atque,
274 907 391 970 utiam
407 907 552 984 diximus,
570 908 701 990 stropha
724 908 909 973 melioribus
932 911 1006 974 55555
1030 917 1079 975 555
1101 914 1245 977 testimo-

51 1015 134 1093 niis,
162 1037 262 1098 quam
286 1037 357 1097 quae
381 1015 491 1098 spuria
514 1015 627 1078 haberi
650 1016 759 1099 possit.

559 1536 757 1635 XX-l'l'.

174 1763 279 1827 Minos
304 1760 349 1846 (p.
375 1764 450 1839 362,
475 1762 559 1845 sqq.)
585 1764 626 1826 du
641 1763 825 1826 oscarminis
841 1764 1030 1828 restituendi
1047 1767 1154 1830 modos
1171 1791 1246 1852 pro-

51 1872 166 1956 ponit.
214 1871 351 1934 Exsecat
378 1894 428 1934 vv.
454 1872 517 1933 5-
477 1871 552 1945 -8,
579 1871 709 1946 15,16,
740 1871 794 1933 sed
818 1871 890 1953 plus
915 1872 1105 1936 audentibus
1129 1897 1245 1958 propo·

54 1980 120 2058 5555,
152 1983 190 2042 ut
218 1979 357 2043 val-
362 1979 391 2053 8,
424 1979 564 2052 15-24,
590 1979 675 2040 60-
680 1979 721 2041 64
746 1978 897 2042 abiciant.
944 1978 1033 2043 Dicit
1056 1979 1113 2043 hos
1136 2003 1247 2044 versus

57 2110 135 2152 esse
170 2086 293 2151 ieiunos
329 2089 361 2148 et
394 2084 562 2169 languidos
581 2084 616 2166 1‚)
652 2107 729 2167 quos
759 2084 882 2148 excludi
913 2087 1062 2149 carminis
1087 2090 1119 2149 et
1142 2091 1244 2170 poetae

56 2215 263 2280 magnopere
297 2193 461 2255 interesse.
508 2190 626 2266 Aliam,
663 2214 719 2255 eur
754 2192 945 2269 excluderet,
982 2216 1111 2256 causam
1134 2195 1244 2258 attulit

53 2302 198 2366 nullam.
244 2299 498 2382 Utrumcunique
528 2298 656 2360 modum
680 2298 842 2380 amplexus
867 2299 939 2375 eris,
963 2299 1166 2382 stropharum
1197 2301 1247 2364 di-

56 2408 291 2474 stributionem
315 2405 447 2480 delebis,
472 2405 555 2486 quod
578 2404 648 2466 fieri
673 2405 822 2467 carminis
848 2409 879 2467 et
900 2409 1002 2489 poetae
1018 2406 1069 2468 vix
1086 2406 1243 2473 intererit.
1283 2472 1287 2480 ,

64 2517 208 2592 Aeacus,
234 2514 290 2597 qui
313 2513 392 2576 alias
416 2512 485 2576 vult
508 2512 652 2594 superior
676 2511 769 2574 iudex
793 2534 861 2575 esse
878 2534 1026 2596 saepeque
1043 2513 1161 2577 iudicia
1177 2514 1244 2579 fra-

60 2625 125 2688 tris
160 2627 197 2685 ut
231 2620 329 2685 iniust
331 2643 350 2682 a
385 2620 529 2702 abrogat,
506 2618 618 2681 thio
647 2618 712 2681 frat
698 2623 788 2681 555555
813 2642 918 2683 amore
941 2625 1104 2702 permotus
1128 2623 1245 2685 mirum

61 2732 98 2794 in
123 2730 253 2793 modum
277 2750 349 2792 cum
373 2749 407 2790 eo
433 2726 589 2790 consentit
576 2725 870 2789 tLehrsiustot
823 2731 924 2789 55555555
949 2749 1077 2790 carmen
1100 2728 1244 2806 retinuit,

58 2838 123 2902 sed
147 2837 276 2920 ripatico
256 2856 320 2916 55,555
345 2858 374 2898 v.
399 2833 463 2910 4,
454 2856 488 2896 555
512 2834 586 2896 155555
590 2833 786 2896 ismutavit.

176 2942 340 3027 Gruppius
377 2941 454 3033 dicit
490 2938 601 3020 (Aeac.
640 2940 717 3022 110)
753 2938 910 3003 Peerlc:m
944 2944 1139 3023 postremam
1162 2946 1245 3004 stro·

58 3053 165 3136 'pham
201 3053 235 3112 et
270 3048 331 3111 alio
366 3048 433 3111 loco
462 3069 524 3122 sex,
550 3046 611 3109 alio
636 3047 713 3109 duos
737 3068 846 3110 versus
870 3047 1099 3130 repudiavisse.
1123 3046 1245 3112 Peerlc.

63 3162 175 3222 tamen
211 3177 314 3238 neque
349 3176 501 3236 umquam
524 3152 689 3236 stropham
712 3157 906 3236 postremam
932 3149 1037 3236 neque
1066 3176 1118 3218 sex
1141 3176 1245 3237 neque

63 3267 144 3329 duos
178 3284 299 3338 versus,
336 3261 391 3324 sed
426 3283 475 3324 55.
512 3261 598 3322 8-6
636 3259 763 3323 delevit.
811 3259 958 3324 Prienius
981 3261 1077 3323 huius
1100 3260 1246 3342 sequitur

64 3370 256 3454 exemplum,
292 3391 367 3430 narn
401 3366 535 3430 sublatis
569 3367 620 3429 his
648 3388 698 3429 vv.
726 3369 765 3430 15
790 3367 929 3451 strophae
953 3371 1085 3444 restant,
1110 3389 1246 3448 quarum

62 3479 208 3563 quinque
248 3475 421 3559 stropham,
464 3474 605 3557 quinque
645 3474 889 3557 antistropham,
935 3474 1075 3557 quinque
1123 3474 1245 3555 epodon

62 3587 173 3649 facere
195 3587 299 3702 put.
276 3582 468 3646 t.Peerlc
493 3586 548 3644 aut
550 3604 601 3645 em
623 3606 673 3646 vv
699 3584 785 3645 3-6
811 3586 843 3645 55
865 3604 944 3664 prop
946 3584 996 3643 555
1018 3580 1120 3643 inoert
1122 3603 1156 3643 as
1107 3580 1245 3644 t-lec

63 3693 168 3756 tiones
192 3690 226 3753 in
249 3714 279 3754 5.
305 3690 366 3751 45
349 3692 535 3771 etpropter
557 3711 667 3752 versus
692 3691 721 3752 5:
725 3688 859 3752 5555655
834 3687 1051 3751 tobscuritat
1018 3710 1103 3750 em
1116 3688 1244 3751 delev1

174 3795 213 3860 ln
240 3821 270 3860 v.
301 3798 321 3858 4
346 3796 468 3859 codices
492 3795 576 3858 inter
598 3794 672 3858 1555
649 3799 761 3873 5555555,
787 3817 857 3878 quae
881 3797 956 3856 sunt
979 3795 1149 3878 apolicam,
1181 3816 1245 3877 pu-

66 3906 192 3986 blicum,
211 3905 375 3988 ponticum
398 3903 560 3967 vacillant.
615 3901 720 3977 Quum
748 3902 910 3984 publicum
946 3901 1043 3965 etiam
1065 3901 1099 3963 in
1123 3902 1189 3965 cod.
1214 3901 1245 3966 V

175 4134 196 4197 ⁴]
219 4141 363 4199 „Unerhdrt
382 4135 542 4200 prosaisoh“‚
565 4139 659 4197 „vollig
677 4139 747 4184 lahm
782 4139 836 4184 und
855 4133 1011 4184 erhiltend.“
