2766 4590
659 177 835 239 -42-

156 355 245 419 doxis
280 355 472 438 sapientiam
507 358 539 418 et
573 354 742 418 veritatem
777 355 958 417 conderent.
1012 353 1073 417 Est
1100 359 1209 418 autem
1236 355 1332 419 stoica

155 462 329 525 sententia.
359 461 456 540 ,Haec
480 461 720 544 enthymemata
737 483 813 524 vera
829 465 903 524 sunt
919 461 1076 524 axiomata
1092 461 1210 526 stoica“
1232 460 1332 545 (Gru.)

157 568 230 632 Non
255 569 400 632 omnibus
424 591 495 632 eam
519 569 690 631 absurdam
713 568 816 631 videri
835 568 909 631 inde
926 572 1071 651 apparet,
1096 569 1180 651 quod
1197 591 1332 632 comme·

156 678 281 739 morata
305 679 352 738 est
376 699 395 738 a
418 675 616 758 philosopho,
641 675 772 738 Hildcb.
797 675 908 738 moral.
932 674 1012 758 phil.
1034 698 1066 758 p.
1085 676 1160 739 991.
1185 674 1253 739 Cir.
1270 675 1333 739 Cic.

157 783 268 865 parad.
305 781 361 846 Vl:
392 784 427 846 3:
456 804 519 845 uoa
543 803 605 846 esse
628 783 777 865 cupidum
794 784 932 865 preconio
955 789 1006 863 cst,
1031 802 1181 846 elocasse
1204 803 1336 846 emacem

156 890 285 973 ocoiipcl
309 896 362 970 est,
391 896 565 951 contentum
588 891 655 951 artis
678 889 768 951 rebus
791 910 853 951 csse
876 891 1022 952 lnociozoe
1044 896 1119 952 secret
1142 891 1337 961 certissimae·

157 1018 215 1080 quc
249 997 376 1073 (licitiae,
413 1000 473 1060 cet.
511 1034 551 1040 —
587 996 701 1079 Aeque
731 996 868 1058 absurda
896 995 1029 1059 Lehrsio
1059 996 1210 1059 videntur
1238 997 1338 1060 verba

157 1104 205 1166 all
239 1105 430 1186 cupientium
464 1104 569 1166 cocceius
604 1110 709 1166 clostra
731 1110 803 1186 pcto
832 1110 859 1166 el
882 1102 1053 1186 irouay‘upo
1075 1104 1210 1166 diuitum
1229 1111 1340 1187 portes

157 1211 298 1294 linquere
329 1213 434 1294 portio.
483 1211 620 1294 Cruquio
656 1232 729 1274 vcro
765 1210 989 1273 incredibilem
1024 1210 1271 1274 admirationem
1308 1215 1340 1275 et

159 1316 404 1381 delectationem
438 1318 626 1381 iniecerunt.
679 1316 873 1400 ,Explicat,“
913 1317 1028 1400 inquit,
1069 1317 1243 1395 ,Horatius
1267 1319 1339 1382 ani-

158 1447 246 1486 mum
280 1447 372 1487 suum
404 1425 499 1508 plane
536 1425 688 1501 divinum,
725 1447 821 1507 quam
856 1424 954 1486 animi
989 1447 1062 1488 oum
1096 1425 1171 1488 vitae
1194 1425 1339 1489 moribus

153 1531 381 1615 symphoniam
404 1531 527 1594 utinam
550 1532 754 1595 imitarentur
778 1531 977 1608 christiani“,
1003 1536 1063 1596 cet.
1082 1533 1118 1614 1).

267 1638 368 1716 Orcum
391 1641 430 1720 ci,
455 1663 484 1702 v.
510 1641 563 1715 41,
589 1638 751 1722 Gruppius
769 1638 870 1702 credit
886 1660 954 1701 esse
970 1640 1149 1721 prosaicam
1162 1641 1340 1704 eorundum
1369 1634 1377 1657 ³

158 1745 384 1809 vocabulorum
407 1747 440 1809 in
464 1771 492 1810 v.
518 1748 559 1810 25
584 1746 817 1829 repetitionem
854 1768 951 1828 quam
979 1751 1015 1809 ut
1038 1747 1129 1823 vitet,
1163 1750 1340 1832 utrumque

158 1856 252 1916 caute
280 1853 374 1917 delet.
425 1853 563 1917 Tantum
587 1855 687 1930 abest,
718 1857 754 1917 ut
777 1854 846 1917 haec
869 1855 1018 1937 repetitio
1042 1852 1213 1918 Lehrsium
1238 1856 1340 1921 offen-

158 1960 223 2037 dat,
258 1964 294 2022 ut
329 1963 439 2024 contra
474 1962 628 2037 omnibuS,
658 1984 729 2044 quae
753 1962 922 2038 intersunt,
958 1962 1097 2045 strophis
1122 1962 1268 2027 delendis
1293 1965 1340 2028 ita

155 2071 270 2149 aperte
292 2067 425 2131 scribat:

373 2235 530 2292 Contempta
551 2233 669 2279 dominus
690 2234 848 2293 splendidior
867 2235 912 2290 rei,

375 2324 455 2378 Quam
475 2323 505 2380 si,
525 2323 650 2381 quidquid
669 2325 724 2369 arat
743 2325 852 2383 impiger
870 2324 979 2384 Apulus,

375 2413 510 2460 Occultare
528 2414 593 2458 meis
613 2413 710 2458 dicerer
729 2414 837 2467 horreis,

375 2504 481 2560 Magnas
500 2504 567 2548 inter
587 2517 649 2562 opes
669 2503 752 2562 inops,

374 2593 456 2645 Quam
475 2593 496 2637 si
516 2592 660 2649 Mygdoniis
679 2605 787 2650 regnum
805 2592 916 2650 Alyattei

375 2681 469 2740 Campe
489 2682 643 2735 continuem,

157 2819 194 2879 et
218 2838 289 2898 quae
313 2839 401 2900 sequ.

161 2939 287 3004 Deinde
323 2941 484 3025 Gruppius
520 2943 598 3006 dicit
632 2965 819 3027 germanam
855 2944 1004 3007 carminis
1038 2947 1165 3026 partem
1193 2967 1212 3006 a
1229 2968 1271 3015 ,v.
1299 2946 1339 3008 17

158 3046 260 3130 incipi
293 3070 397 3131 neque
433 3072 465 3112 se
502 3072 608 3112 errare
639 3072 675 3112 ex
700 3072 736 3113 eo
760 3050 875 3134 collegi
900 3050 1085 3125 arbitratur,
1116 3050 1199 3132 quod
1223 3073 1340 3115 nomen

160 3151 358 3230 Maecenatis,
383 3178 477 3238 quem
502 3156 674 3239 alloquitur
697 3160 801 3239 poeta,
826 3160 894 3218 tum
917 3156 950 3218 in
974 3156 1078 3239 prima
1102 3156 1233 3239 stropha
1251 3157 1340 3222 insit.

162 3259 285 3324 Malum
320 3266 558 3345 argumentum!
605 3263 859 3328 Usitatissimum
895 3263 979 3326 euim
1015 3263 1119 3326 estin
1143 3263 1342 3328 carminibus

161 3366 275 3431 Horati
312 3390 373 3445 eoa,
410 3391 487 3452 quos
521 3371 702 3454 alloquatur
730 3375 834 3454 poeta,
869 3369 964 3453 longe
989 3370 1029 3432 ab
1053 3369 1143 3432 initio
1167 3371 1340 3435 nominari.

162 3472 208 3537 Ut
243 3475 276 3537 in
312 3477 360 3539 od.
390 3474 415 3538 I:
442 3478 462 3562 4
487 3499 503 3539 e
528 3478 570 3540 20
600 3478 744 3540 versibus
769 3476 941 3560 composita
965 3475 1104 3540 Sestium
1127 3475 1283 3540 Horatius
1307 3478 1343 3541 in

161 3603 190 3643 v.
223 3581 264 3643 14
293 3582 475 3665 alloquitur,
500 3584 549 3646 od.
579 3582 604 3647 1:
631 3586 661 3660 o,
687 3585 705 3646 5
731 3582 923 3667 Agrippam,
947 3581 972 3646 1:
999 3583 1029 3660 7,
1056 3584 1096 3646 19
1120 3581 1288 3661 Plancum,
1314 3583 1341 3649 l:

166 3688 217 3764 17,
244 3688 284 3750 10
309 3687 502 3771 Tyndarida,
526 3688 551 3753 I:
578 3691 630 3766 20,
656 3691 674 3752 5
700 3689 919 3766 Maecenatem,
945 3693 1005 3753 cet.
1030 3694 1090 3753 cet.

274 3934 291 3998 ¹)
312 3945 450 3990 Occasione
477 3945 536 3991 data
555 3946 613 3992 Gru.
634 3946 787 3991 christianas
806 3945 941 3990 nonnullas
960 3945 1128 4003 cogitationes
1148 3946 1344 3993 commentariis

161 4031 303 4078 horatianis
322 4034 434 4089 mandat,
454 4035 549 4093 quibus
568 4036 608 4080 his
627 4034 714 4081 verbis
733 4036 809 4080 finem
827 4035 948 4093 imponit:
969 4029 1033 4095 Eia,
1052 4045 1109 4096 aye,
1127 4035 1212 4080 macte
1231 4030 1343 4092 virtute,

162 4115 246 4167 nolim
264 4118 365 4185 timere,
379 4119 481 4184 procide
497 4121 585 4185 prex!
