2766 4590
604 184 777 246 -44-

101 365 149 425 est
180 390 220 413 =
250 362 301 425 die
328 361 424 445 lange
448 361 645 445 Erfahrung,
682 367 743 426 cet.
801 361 935 427 Flaccus
958 368 1066 428 noster
1090 365 1285 448 stupuisset,
1321 346 1326 369 ¹

100 469 169 552 ipse
194 469 221 532 si
246 469 455 553 cognovisset,
480 491 576 551 quam
600 468 727 532 subtilis
750 471 908 553 sapientia
931 471 964 534 in
981 473 1180 536 carminibus
1197 473 1284 536 ioco·
1319 462 1326 473 ⁸

100 576 143 639 sis
171 576 297 639 lateret.
344 575 453 638 Etiam
482 576 521 638 de
549 576 737 658 praestantia
766 576 914 640 carminis
938 599 1058 661 magna
1083 582 1131 642 est
1158 578 1284 662 opinio·

100 706 177 746 num
202 683 392 746 differentia.
444 681 625 746 Duontzero
647 683 717 746 haec
742 683 799 746 ode
822 682 1039 766 pulcherrima
1064 688 1097 748 et
1119 685 1284 748 rotundis·

100 791 181 853 sima
211 812 279 853 esse
302 789 438 865 videtur,
468 788 621 852 Lehrsius
644 789 764 852 malum
788 790 931 873 imperiti
956 795 988 854 et
1012 791 1119 875 ignari
1143 791 1284 856 hominis

105 919 182 980 opus
207 918 274 960 esse
299 900 402 980 putat,
430 894 552 960 Peerlc.
578 897 738 960 neminem
761 895 904 981 Augusti
927 898 1033 961 aetatis
1057 903 1189 982 poetam
1214 922 1285 963 eam

102 1004 285 1088 agniturum
309 1003 407 1066 fuisse
432 1003 543 1067 credit.
595 1002 610 1066 I
656 1007 747 1066 tanta
771 1004 965 1067 dissensione
989 1005 1097 1069 facere
1119 1028 1185 1070 non
1209 1028 1283 1089 pos·

101 1133 219 1190 sumna,
244 1110 321 1192 quin
345 1132 431 1173 sanae
452 1110 553 1173 menti
568 1110 721 1173 maiorem
738 1132 835 1192 quam
850 1111 948 1174 variis
966 1111 1149 1175 criticorum
1167 1135 1282 1196 quam·

101 1218 149 1281 vis
173 1217 336 1280 doctorum
360 1217 560 1300 opinionibus
585 1217 808 1280 auctoritatem
830 1217 1020 1281 tribuamus.

209 1323 311 1398 Quam
346 1324 373 1386 si
409 1323 611 1405 consulimus,
648 1327 794 1407 apertum
823 1326 871 1386 est
895 1330 1116 1405 carmen‘esse
1140 1324 1283 1390 iocosum

106 1434 138 1494 et
172 1430 224 1494 hic
259 1434 295 1492 nt
330 1429 409 1492 alias
434 1429 549 1493 Horati
572 1453 695 1492 musam
720 1452 787 1493 esse
811 1431 1079 1508 venustissimam,
1104 1455 1205 1514 quum
1230 1437 1285 1497 aut

101 1538 134 1601 in
157 1561 243 1602 mero
267 1537 334 1601 ioco
359 1538 470 1600 autin
494 1537 570 1601 iocis
595 1560 667 1600 cum
690 1536 781 1600 seriis
805 1538 970 1621 permixtis
994 1543 1150 1601 versetur.
1203 1539 1281 1603 Post

104 1645 241 1709 iocosam
277 1645 395 1708 exordii
423 1667 573 1729 pompam
597 1645 742 1726 sequitur
766 1649 1002 1728 argumentum,
1027 1646 1111 1728 quod
1134 1645 1196 1710 hoc
1221 1651 1282 1711 est:

102 1751 216 1816 Cornix
249 1752 375 1835 pluvias
411 1773 480 1816 cras
515 1756 665 1815 venturas
700 1751 903 1815 vaticinatur.
950 1750 1088 1816 Proinde
1124 1775 1212 1830 cura,
1249 1758 1285 1817 ut

102 1859 227 1943 lignum
257 1859 382 1921 aridum
405 1859 536 1935 habeas,
572 1881 646 1920 nam
670 1881 740 1922 cras
764 1858 845 1920 nihil
869 1858 956 1921 aliud
980 1862 1015 1920 tu
1039 1859 1152 1942 tuique
1176 1860 1284 1925 facere

102 1965 249 2049 poteritis
279 1987 374 2047 quam
398 1965 568 2029 convivari.
616 1964 650 2028 si
674 1965 786 2028 Lamia
810 1966 963 2049 ambages
987 1966 1202 2049 interpretari
1227 1990 1283 2051 po-

102 2073 175 2149 tuit,
200 2071 356 2135 intellexit
379 2076 506 2154 poetam
530 2072 737 2154 semetipsum
753 2072 793 2134 ad
810 2094 942 2136 caenam
957 2072 1121 2150 invitasse,
1146 2074 1180 2136 id
1197 2075 1283 2158 quod

37 2214 41 2225 ·
102 2179 223 2243 Lamiae
248 2178 316 2241 sine
340 2178 435 2241 dubio
459 2182 588 2262 gratum
612 2182 690 2241 erat.
726 2177 796 2241 Hoc
820 2178 990 2241 Horatium
1007 2179 1145 2243 voluisse
1165 2181 1283 2264 optimo

103 2287 172 2349 iure
197 2285 341 2349 conicere
365 2284 450 2362 licet,
476 2307 573 2367 quum
597 2284 679 2347 nihil
703 2285 741 2347 de
766 2307 871 2361 causa,
898 2308 954 2348 cur
970 2308 1099 2349 carmon
1115 2287 1282 2365 scriberet,

101 2392 262 2455 memoriae
286 2392 447 2474 proditum
471 2393 522 2468 sit,
548 2392 575 2455 si
599 2392 656 2455 tali
681 2392 772 2454 modo
796 2391 910 2454 melius
928 2391 1086 2475 explicare
1103 2416 1281 2476 possumus.

101 2497 152 2561 Ita
188 2497 337 2561 carminis
374 2500 560 2575 oeconomia,
596 2503 632 2561 nt
656 2499 702 2561 ita
726 2498 840 2571 dicam,
871 2497 958 2562 clara
982 2502 1014 2562 et
1036 2501 1210 2583 perspicua
1233 2502 1280 2566 fit.

103 2604 319 2669 Difficultates
343 2605 375 2666 in
399 2606 527 2688 spinosa
551 2610 582 2668 et
607 2609 749 2669 contorta
765 2605 978 2688 interpretum
995 2606 1208 2689 explicatione
1223 2632 1281 2692 po·

103 2713 173 2775 sitae
197 2716 281 2774 sunt.
329 2710 431 2775 Fuere
461 2711 555 2787 enim,
592 2712 647 2795 qui
671 2712 847 2788 crederent,
884 2711 1005 2776 Lamiae
1030 2713 1115 2776 diem
1138 2715 1282 2780 natalem

101 2819 155 2882 hic
180 2818 234 2902 agi
258 2817 487 2902 (DiHenburg.,
513 2818 581 2901 alii)
606 2818 657 2882 vel
681 2819 767 2881 diem
791 2819 935 2882 omnibus
956 2820 1094 2882 romanis
1110 2820 1232 2885 festum
1246 2826 1282 2886 ut

103 2924 285 2989 Saturnalia
314 2907 527 3007 ²(Meinekius)
552 2924 603 2988 vel
627 2926 743 2988 festum
768 2929 837 3006 post
861 2925 987 2990 condita
1009 2925 1173 2990 frumenta
1197 2930 1281 2993 cele·

103 3033 262 3096 brandum
286 3030 429 3113 (Ritter),
454 3054 525 3115 quae
550 3033 655 3095 omnia
678 3055 829 3116 perversa
853 3036 937 3109 sunt,
960 3055 1036 3095 nam
1061 3033 1093 3116 1)
1118 3057 1182 3098 non
1206 3059 1281 3100 con·

102 3139 235 3203 veniunt
252 3160 323 3201 cum
339 3139 445 3201 verbis
456 3161 552 3221 porco
568 3139 737 3221 bimenstri,
755 3140 838 3221 quod
855 3139 976 3202 romani
993 3140 1105 3202 diebus
1117 3143 1282 3208 natalibus

103 3245 293 3309 immolando
318 3245 533 3322 abstinebant,
558 3246 592 3328 2)
616 3247 784 3322 nescimus,
809 3245 886 3328 quid
909 3246 1089 3329 pluviarum
1113 3250 1282 3330 praedictio

104 3352 159 3416 hic
175 3351 237 3414 sibi
254 3351 342 3427 velit,
366 3374 441 3414 nam
457 3351 580 3430 Lamia,
605 3353 653 3416 vir
669 3352 724 3415 ille
740 3352 966 3429 nobilissimus,
990 3353 1058 3416 sine
1076 3354 1172 3418 dubio
1189 3379 1281 3440 spre-

102 3459 145 3521 tis
180 3457 336 3520 imbribus
372 3458 458 3521 diem
491 3459 632 3521 natalem
667 3459 809 3523 convivio
840 3459 1033 3531 celebrabat,
1062 3460 1125 3523 nisi
1149 3464 1282 3551 credere

102 3563 181 3627 velis
210 3564 242 3625 id
270 3564 405 3628 maxime
434 3564 603 3628 Horatium
627 3570 798 3649 spectasse,
827 3570 863 3628 ut
886 3566 1032 3629 Lamiam
1055 3573 1201 3632 moneret
1223 3593 1282 3634 ne-

103 3669 276 3735 cessarium
311 3694 379 3735 esse
414 3671 538 3756 lignum
574 3673 698 3735 aridum
726 3695 919 3755 praeparare,
955 3674 1038 3755 quod
1068 3678 1179 3738 tamen
1202 3679 1283 3741 satis

103 3776 196 3840 futile
231 3777 357 3841 videtur
393 3783 425 3842 et
452 3778 605 3862 ligneum,
642 3777 810 3862 (Gruppio,
846 3779 902 3862 qui
925 3783 982 3842 str.
1007 3781 1027 3842 3
1049 3779 1178 3859 delevit,
1203 3805 1283 3867 gra-

102 3886 169 3945 tam
205 3882 331 3946 delendi
367 3908 495 3948 causam
530 3884 683 3948 eiusmodi
712 3885 878 3968 explicatio
908 3887 1077 3968 praeberet.
1124 3886 1200 3971 lpse
1225 3913 1285 3958 cur

103 3989 150 4051 ita
195 3989 326 4066 faceret,
372 3990 455 4054 nihil
502 3991 634 4072 attulit),
681 3992 715 4074 3)
756 3990 868 4054 Lamia
904 3993 996 4056 homo
1037 3997 1120 4057 esset
1159 3995 1282 4075 fatuus,

104 4096 223 4179 qnippe
259 4118 354 4180 quem
388 4120 516 4161 necesse
546 4101 630 4160 esset
653 4098 692 4161 de
716 4097 767 4161 die
792 4098 937 4161 omnibus
960 4100 1099 4163 romanis
1122 4101 1207 4167 festo
1230 4105 1284 4174 vel
