<?xml version="1.0" encoding="UTF-8"?>
<!DOCTYPE html PUBLIC "-//W3C//DTD XHTML 1.0 Transitional//EN"
    "http://www.w3.org/TR/xhtml1/DTD/xhtml1-transitional.dtd">
<html xmlns="http://www.w3.org/1999/xhtml" xml:lang="en" lang="en">
 <head>
  <title>
</title>
<meta http-equiv="Content-Type" content="text/html;charset=utf-8" />
  <meta name='ocr-system' content='tesseract 3.04.00' />
  <meta name='ocr-capabilities' content='ocr_page ocr_carea ocr_par ocr_line ocrx_word'/>
</head>
<body>
  <div class='ocr_page' id='page_1' title='image "./delocistertiiho00olssgoog_0011.png"; bbox 0 0 2766 4590; ppageno 0'>
   <div class='ocr_carea' id='block_1_1' title="bbox 687 181 839 242">
    <p class='ocr_par' dir='ltr' id='par_1_1' title="bbox 687 181 839 242">
     <span class='ocr_line' id='line_1_1' title="bbox 687 181 839 242; baseline 0 -18"><span class='ocrx_word' id='word_1_1' title='bbox 687 181 839 242; x_wconf 76' lang='lat'>..2-</span> 
     </span>
    </p>
   </div>
   <div class='ocr_carea' id='block_1_2' title="bbox 178 357 1337 441">
    <p class='ocr_par' dir='ltr' id='par_1_2' title="bbox 178 357 1337 441">
     <span class='ocr_line' id='line_1_2' title="bbox 178 357 1337 441; baseline -0.001 -18"><span class='ocrx_word' id='word_1_2' title='bbox 178 359 233 423; x_wconf 94' lang='lat' dir='ltr'>illa</span> <span class='ocrx_word' id='word_1_3' title='bbox 257 359 401 422; x_wconf 84' lang='lat' dir='ltr'>Suetoni:</span> <span class='ocrx_word' id='word_1_4' title='bbox 432 362 605 436; x_wconf 83' lang='lat' dir='ltr'>,venerunt</span> <span class='ocrx_word' id='word_1_5' title='bbox 628 359 661 420; x_wconf 91' lang='lat' dir='ltr'>in</span> <span class='ocrx_word' id='word_1_6' title='bbox 684 361 814 420; x_wconf 78' lang='lat' dir='ltr'>manus“</span> <span class='ocrx_word' id='word_1_7' title='bbox 844 363 903 421; x_wconf 89' lang='lat' dir='ltr'>cet.</span> <span class='ocrx_word' id='word_1_8' title='bbox 929 362 961 421; x_wconf 92' lang='lat' dir='ltr'>et</span> <span class='ocrx_word' id='word_1_9' title='bbox 983 357 1202 441; x_wconf 76' lang='lat' dir='ltr'><strong>fragmentum</strong></span> <span class='ocrx_word' id='word_1_10' title='bbox 1225 359 1337 423; x_wconf 84' lang='lat' dir='ltr'>criticas</span> 
     </span>
    </p>
   </div>
   <div class='ocr_carea' id='block_1_3' title="bbox 86 463 1337 530">
    <p class='ocr_par' dir='ltr' id='par_1_3' title="bbox 86 463 1337 530">
     <span class='ocr_line' id='line_1_3' title="bbox 86 463 1337 530; baseline -0.002 0"><span class='ocrx_word' id='word_1_11' title='bbox 86 498 91 509; x_wconf 83' lang='lat'>.</span> <span class='ocrx_word' id='word_1_12' title='bbox 178 466 274 530; x_wconf 83' lang='lat' dir='ltr'>Probi</span> <span class='ocrx_word' id='word_1_13' title='bbox 302 471 394 529; x_wconf 86' lang='lat' dir='ltr'>notas</span> <span class='ocrx_word' id='word_1_14' title='bbox 424 465 587 529; x_wconf 92' lang='lat' dir='ltr'>continens</span> <span class='ocrx_word' id='word_1_15' title='bbox 616 488 634 527; x_wconf 92' lang='lat' dir='ltr'>a</span> <span class='ocrx_word' id='word_1_16' title='bbox 658 463 716 527; x_wconf 84' lang='lat' dir='ltr'>Th.</span> <span class='ocrx_word' id='word_1_17' title='bbox 742 464 949 528; x_wconf 81' lang='lat' dir='ltr'>Mommsenio</span> <span class='ocrx_word' id='word_1_18' title='bbox 972 465 1137 528; x_wconf 89' lang='lat' dir='ltr'>inventum</span> <span class='ocrx_word' id='word_1_19' title='bbox 1162 469 1193 528; x_wconf 90' lang='lat' dir='ltr'>et</span> <span class='ocrx_word' id='word_1_20' title='bbox 1217 466 1280 528; x_wconf 90' lang='lat' dir='ltr'>iam</span> <span class='ocrx_word' id='word_1_21' title='bbox 1300 488 1337 528; x_wconf 86' lang='lat' dir='ltr'>an</span> 
     </span>
    </p>
   </div>
   <div class='ocr_carea' id='block_1_4' title="bbox 179 570 1356 1733">
    <p class='ocr_par' dir='ltr' id='par_1_4' title="bbox 179 570 1341 1189">
     <span class='ocr_line' id='line_1_4' title="bbox 181 570 1337 656; baseline 0 -21"><span class='ocrx_word' id='word_1_22' title='bbox 181 575 265 637; x_wconf 76' lang='lat'>1845</span> <span class='ocrx_word' id='word_1_23' title='bbox 302 597 320 636; x_wconf 89' lang='lat' dir='ltr'>a</span> <span class='ocrx_word' id='word_1_24' title='bbox 354 572 413 636; x_wconf 86' lang='lat' dir='ltr'>Th.</span> <span class='ocrx_word' id='word_1_25' title='bbox 449 572 590 656; x_wconf 90' lang='lat' dir='ltr'>Bergkio</span> <span class='ocrx_word' id='word_1_26' title='bbox 620 571 816 654; x_wconf 91' lang='lat' dir='ltr'>descriptum</span> <span class='ocrx_word' id='word_1_27' title='bbox 833 571 868 653; x_wconf 86' lang='lat'>¹).</span> <span class='ocrx_word' id='word_1_28' title='bbox 915 570 995 635; x_wconf 86' lang='lat' dir='ltr'>Haec</span> <span class='ocrx_word' id='word_1_29' title='bbox 1019 577 1209 656; x_wconf 90' lang='lat' dir='ltr'>argumenta</span> <span class='ocrx_word' id='word_1_30' title='bbox 1231 572 1337 648; x_wconf 84' lang='lat' dir='ltr'>Keller,</span> 
     </span>
     <span class='ocr_line' id='line_1_5' title="bbox 179 678 1339 764; baseline -0.003 -20"><span class='ocrx_word' id='word_1_31' title='bbox 179 685 334 764; x_wconf 91' lang='lat' dir='ltr'>quantum</span> <span class='ocrx_word' id='word_1_32' title='bbox 369 680 516 761; x_wconf 85' lang='lat' dir='ltr'>equidem</span> <span class='ocrx_word' id='word_1_33' title='bbox 550 678 624 755; x_wconf 85' lang='lat' dir='ltr'>scio,</span> <span class='ocrx_word' id='word_1_34' title='bbox 660 678 784 741; x_wconf 87' lang='lat' dir='ltr'>silentio</span> <span class='ocrx_word' id='word_1_35' title='bbox 820 700 945 761; x_wconf 86' lang='lat' dir='ltr'>semper</span> <span class='ocrx_word' id='word_1_36' title='bbox 980 679 1146 761; x_wconf 85' lang='lat' dir='ltr'>praeteriit.</span> <span class='ocrx_word' id='word_1_37' title='bbox 1202 679 1290 754; x_wconf 79' lang='lat' dir='ltr'>Quod</span> <span class='ocrx_word' id='word_1_38' title='bbox 1319 679 1339 742; x_wconf 90' lang='lat' dir='ltr'>si</span> 
     </span>
     <span class='ocr_line' id='line_1_6' title="bbox 179 784 1340 868; baseline -0.001 -17"><span class='ocrx_word' id='word_1_39' title='bbox 179 788 229 851; x_wconf 93' lang='lat' dir='ltr'>his</span> <span class='ocrx_word' id='word_1_40' title='bbox 259 787 353 851; x_wconf 88' lang='lat' dir='ltr'>certis</span> <span class='ocrx_word' id='word_1_41' title='bbox 377 785 567 849; x_wconf 77' lang='lat' dir='ltr'>testimoniis</span> <span class='ocrx_word' id='word_1_42' title='bbox 591 785 778 849; x_wconf 79' lang='lat' dir='ltr'>concludere</span> <span class='ocrx_word' id='word_1_43' title='bbox 813 784 889 848; x_wconf 88' lang='lat' dir='ltr'>licet</span> <span class='ocrx_word' id='word_1_44' title='bbox 922 785 1137 868; x_wconf 90' lang='lat' dir='ltr'>interpolandi</span> <span class='ocrx_word' id='word_1_45' title='bbox 1164 787 1277 849; x_wconf 88' lang='lat' dir='ltr'>saltem</span> <span class='ocrx_word' id='word_1_46' title='bbox 1298 809 1340 850; x_wconf 91' lang='lat' dir='ltr'>co-</span> 
     </span>
     <span class='ocr_line' id='line_1_7' title="bbox 179 891 1341 976; baseline 0 -19"><span class='ocrx_word' id='word_1_47' title='bbox 179 899 273 957; x_wconf 91' lang='lat' dir='ltr'>natus</span> <span class='ocrx_word' id='word_1_48' title='bbox 297 894 397 957; x_wconf 85' lang='lat' dir='ltr'>factos</span> <span class='ocrx_word' id='word_1_49' title='bbox 422 915 499 968; x_wconf 88' lang='lat' dir='ltr'>esse,</span> <span class='ocrx_word' id='word_1_50' title='bbox 535 896 644 955; x_wconf 89' lang='lat' dir='ltr'>tamen</span> <span class='ocrx_word' id='word_1_51' title='bbox 667 892 776 955; x_wconf 89' lang='lat' dir='ltr'>multis</span> <span class='ocrx_word' id='word_1_52' title='bbox 802 891 873 955; x_wconf 91' lang='lat' dir='ltr'>aliis</span> <span class='ocrx_word' id='word_1_53' title='bbox 896 892 992 954; x_wconf 86' lang='lat' dir='ltr'>rebus</span> <span class='ocrx_word' id='word_1_54' title='bbox 1017 893 1169 976; x_wconf 87' lang='lat' dir='ltr'>cogimur,</span> <span class='ocrx_word' id='word_1_55' title='bbox 1194 898 1231 956; x_wconf 92' lang='lat' dir='ltr'>ut</span> <span class='ocrx_word' id='word_1_56' title='bbox 1253 894 1341 957; x_wconf 91' lang='lat' dir='ltr'>inter·</span> 
     </span>
     <span class='ocr_line' id='line_1_8' title="bbox 180 999 1341 1085; baseline -0.003 -20"><span class='ocrx_word' id='word_1_57' title='bbox 180 1001 365 1085; x_wconf 90' lang='lat' dir='ltr'>polationes,</span> <span class='ocrx_word' id='word_1_58' title='bbox 395 1000 510 1081; x_wconf 90' lang='lat' dir='ltr'>quibus</span> <span class='ocrx_word' id='word_1_59' title='bbox 541 999 669 1081; x_wconf 91' lang='lat' dir='ltr'>quidem</span> <span class='ocrx_word' id='word_1_60' title='bbox 694 999 875 1083; x_wconf 88' lang='lat' dir='ltr'>contigerit,</span> <span class='ocrx_word' id='word_1_61' title='bbox 900 1003 936 1062; x_wconf 92' lang='lat' dir='ltr'>ut</span> <span class='ocrx_word' id='word_1_62' title='bbox 959 999 1120 1083; x_wconf 87' lang='lat' dir='ltr'>germanis</span> <span class='ocrx_word' id='word_1_63' title='bbox 1144 999 1260 1063; x_wconf 91' lang='lat' dir='ltr'>Horati</span> <span class='ocrx_word' id='word_1_64' title='bbox 1284 1022 1341 1064; x_wconf 90' lang='lat' dir='ltr'>car-</span> 
     </span>
     <span class='ocr_line' id='line_1_9' title="bbox 179 1108 1042 1189; baseline -0.001 -18"><span class='ocrx_word' id='word_1_65' title='bbox 179 1108 319 1171; x_wconf 88' lang='lat' dir='ltr'>minibus</span> <span class='ocrx_word' id='word_1_66' title='bbox 342 1108 568 1183; x_wconf 77' lang='lat' dir='ltr'>insererentur,</span> <span class='ocrx_word' id='word_1_67' title='bbox 592 1128 769 1189; x_wconf 86' lang='lat' dir='ltr'>perpaucas</span> <span class='ocrx_word' id='word_1_68' title='bbox 794 1128 861 1169; x_wconf 87' lang='lat' dir='ltr'>esse</span> <span class='ocrx_word' id='word_1_69' title='bbox 885 1110 1042 1189; x_wconf 89' lang='lat' dir='ltr'>putemus.</span> 
     </span>
    </p>

    <p class='ocr_par' dir='ltr' id='par_1_5' title="bbox 181 1212 1356 1733">
     <span class='ocr_line' id='line_1_10' title="bbox 289 1212 1342 1278; baseline -0.002 -1"><span class='ocrx_word' id='word_1_70' title='bbox 289 1213 405 1277; x_wconf 92' lang='lat' dir='ltr'>Omnes</span> <span class='ocrx_word' id='word_1_71' title='bbox 429 1213 517 1277; x_wconf 89' lang='lat' dir='ltr'>codd.</span> <span class='ocrx_word' id='word_1_72' title='bbox 541 1212 701 1275; x_wconf 89' lang='lat' dir='ltr'>horatiani</span> <span class='ocrx_word' id='word_1_73' title='bbox 725 1235 854 1276; x_wconf 91' lang='lat' dir='ltr'>numero</span> <span class='ocrx_word' id='word_1_74' title='bbox 880 1213 964 1277; x_wconf 90' lang='lat' dir='ltr'>circa</span> <span class='ocrx_word' id='word_1_75' title='bbox 987 1214 1051 1276; x_wconf 75' lang='lat'>250</span> <span class='ocrx_word' id='word_1_76' title='bbox 1068 1213 1113 1275; x_wconf 89' lang='lat' dir='ltr'>ita</span> <span class='ocrx_word' id='word_1_77' title='bbox 1129 1213 1214 1276; x_wconf 89' lang='lat' dir='ltr'>inter</span> <span class='ocrx_word' id='word_1_78' title='bbox 1230 1236 1264 1277; x_wconf 94' lang='lat' dir='ltr'>se</span> <span class='ocrx_word' id='word_1_79' title='bbox 1281 1235 1342 1278; x_wconf 89' lang='lat' dir='ltr'>con-</span> 
     </span>
     <span class='ocr_line' id='line_1_11' title="bbox 181 1318 1343 1403; baseline -0.003 -18"><span class='ocrx_word' id='word_1_80' title='bbox 181 1322 322 1395; x_wconf 83' lang='lat' dir='ltr'>veniunt,</span> <span class='ocrx_word' id='word_1_81' title='bbox 339 1324 384 1395; x_wconf 91' lang='lat' dir='ltr'>ut,</span> <span class='ocrx_word' id='word_1_82' title='bbox 402 1320 429 1382; x_wconf 89' lang='lat' dir='ltr'>si</span> <span class='ocrx_word' id='word_1_83' title='bbox 445 1318 511 1382; x_wconf 85' lang='lat' dir='ltr'>Sat.</span> <span class='ocrx_word' id='word_1_84' title='bbox 526 1318 550 1382; x_wconf 93' lang='lat' dir='ltr'>l:</span> <span class='ocrx_word' id='word_1_85' title='bbox 566 1321 617 1395; x_wconf 79' lang='lat'>10,</span> <span class='ocrx_word' id='word_1_86' title='bbox 633 1321 718 1381; x_wconf 83' lang='lat' dir='ltr'>l-8</span> <span class='ocrx_word' id='word_1_87' title='bbox 737 1320 884 1402; x_wconf 80' lang='lat' dir='ltr'>excipias,</span> <span class='ocrx_word' id='word_1_88' title='bbox 901 1320 956 1403; x_wconf 94' lang='lat' dir='ltr'>qui</span> <span class='ocrx_word' id='word_1_89' title='bbox 972 1343 1082 1383; x_wconf 89' lang='lat' dir='ltr'>versus</span> <span class='ocrx_word' id='word_1_90' title='bbox 1099 1321 1132 1383; x_wconf 92' lang='lat' dir='ltr'>in</span> <span class='ocrx_word' id='word_1_91' title='bbox 1145 1320 1343 1384; x_wconf 85' lang='lat' dir='ltr'>deterioribus</span> 
     </span>
     <span class='ocr_line' id='line_1_12' title="bbox 181 1425 1343 1510; baseline -0.002 -20"><span class='ocrx_word' id='word_1_92' title='bbox 181 1426 342 1491; x_wconf 90' lang='lat' dir='ltr'>nonnullis</span> <span class='ocrx_word' id='word_1_93' title='bbox 365 1427 456 1489; x_wconf 90' lang='lat' dir='ltr'>mstis</span> <span class='ocrx_word' id='word_1_94' title='bbox 480 1425 588 1488; x_wconf 89' lang='lat' dir='ltr'>insunt</span> <span class='ocrx_word' id='word_1_95' title='bbox 611 1426 768 1510; x_wconf 82' lang='lat' dir='ltr'>volgoque</span> <span class='ocrx_word' id='word_1_96' title='bbox 791 1427 891 1508; x_wconf 91' lang='lat' dir='ltr'>spurii</span> <span class='ocrx_word' id='word_1_97' title='bbox 915 1427 1085 1503; x_wconf 73' lang='lat' dir='ltr'>habentur,</span> <span class='ocrx_word' id='word_1_98' title='bbox 1114 1449 1154 1490; x_wconf 93' lang='lat' dir='ltr'>ne</span> <span class='ocrx_word' id='word_1_99' title='bbox 1178 1450 1260 1490; x_wconf 86' lang='lat' dir='ltr'>unus</span> <span class='ocrx_word' id='word_1_100' title='bbox 1284 1427 1343 1510; x_wconf 93' lang='lat' dir='ltr'>qui-</span> 
     </span>
     <span class='ocr_line' id='line_1_13' title="bbox 182 1533 1343 1617; baseline -0.003 -20"><span class='ocrx_word' id='word_1_101' title='bbox 182 1535 255 1598; x_wconf 89' lang='lat' dir='ltr'>dem</span> <span class='ocrx_word' id='word_1_102' title='bbox 289 1556 397 1596; x_wconf 88' lang='lat' dir='ltr'>versus</span> <span class='ocrx_word' id='word_1_103' title='bbox 432 1534 465 1596; x_wconf 89' lang='lat' dir='ltr'>in</span> <span class='ocrx_word' id='word_1_104' title='bbox 501 1533 607 1596; x_wconf 91' lang='lat' dir='ltr'>codice</span> <span class='ocrx_word' id='word_1_105' title='bbox 640 1533 691 1609; x_wconf 90' lang='lat' dir='ltr'>sit,</span> <span class='ocrx_word' id='word_1_106' title='bbox 727 1533 804 1615; x_wconf 91' lang='lat' dir='ltr'>quin</span> <span class='ocrx_word' id='word_1_107' title='bbox 829 1533 927 1596; x_wconf 87' lang='lat' dir='ltr'>etiam</span> <span class='ocrx_word' id='word_1_108' title='bbox 950 1534 983 1596; x_wconf 90' lang='lat' dir='ltr'>in</span> <span class='ocrx_word' id='word_1_109' title='bbox 1006 1534 1140 1617; x_wconf 87' lang='lat' dir='ltr'>reliquis</span> <span class='ocrx_word' id='word_1_110' title='bbox 1163 1535 1343 1598; x_wconf 87' lang='lat' dir='ltr'>inveniatur.</span> 
     </span>
     <span class='ocr_line' id='line_1_14' title="bbox 183 1638 1356 1733; baseline -0.001 -30"><span class='ocrx_word' id='word_1_111' title='bbox 183 1638 300 1703; x_wconf 90' lang='lat' dir='ltr'>Omnes</span> <span class='ocrx_word' id='word_1_112' title='bbox 335 1641 369 1703; x_wconf 95' lang='lat' dir='ltr'>hi</span> <span class='ocrx_word' id='word_1_113' title='bbox 405 1640 444 1702; x_wconf 94' lang='lat' dir='ltr'>ad</span> <span class='ocrx_word' id='word_1_114' title='bbox 473 1662 571 1702; x_wconf 91' lang='lat' dir='ltr'>unum</span> <span class='ocrx_word' id='word_1_115' title='bbox 600 1639 809 1722; x_wconf 88' lang='lat' dir='ltr'>archetypum</span> <span class='ocrx_word' id='word_1_116' title='bbox 832 1641 898 1703; x_wconf 89' lang='lat' dir='ltr'>sive</span> <span class='ocrx_word' id='word_1_117' title='bbox 921 1640 1062 1723; x_wconf 86' lang='lat' dir='ltr'>priscum</span> <span class='ocrx_word' id='word_1_118' title='bbox 1087 1641 1249 1724; x_wconf 85' lang='lat' dir='ltr'>exemplar</span> <span class='ocrx_word' id='word_1_119' title='bbox 1272 1639 1356 1733; x_wconf 23' lang='lat' dir='ltr'>rete-¹</span> 
     </span>
    </p>
   </div>
   <div class='ocr_carea' id='block_1_5' title="bbox 66 1745 1345 1837">
    <p class='ocr_par' dir='ltr' id='par_1_6' title="bbox 66 1745 1345 1837">
     <span class='ocr_line' id='line_1_15' title="bbox 66 1745 1345 1837; baseline 0.001 -28"><span class='ocrx_word' id='word_1_120' title='bbox 66 1748 71 1760; x_wconf 87' lang='grc'><strong>’</strong></span> <span class='ocrx_word' id='word_1_121' title='bbox 165 1750 306 1837; x_wconf 76' lang='grc'>11111111,</span> <span class='ocrx_word' id='word_1_122' title='bbox 331 1747 414 1830; x_wconf 91' lang='lat' dir='ltr'>quod</span> <span class='ocrx_word' id='word_1_123' title='bbox 438 1750 470 1810; x_wconf 90' lang='lat' dir='ltr'>et</span> <span class='ocrx_word' id='word_1_124' title='bbox 493 1750 624 1830; x_wconf 91' lang='lat' dir='ltr'>propter</span> <span class='ocrx_word' id='word_1_125' title='bbox 641 1746 903 1830; x_wconf 74' lang='lat' dir='ltr'>orthographiam</span> <span class='ocrx_word' id='word_1_126' title='bbox 920 1752 952 1810; x_wconf 93' lang='lat' dir='ltr'>et</span> <span class='ocrx_word' id='word_1_127' title='bbox 968 1747 1043 1829; x_wconf 90' lang='lat' dir='ltr'>quia</span> <span class='ocrx_word' id='word_1_128' title='bbox 1060 1770 1078 1809; x_wconf 90' lang='lat' dir='ltr'>a</span> <span class='ocrx_word' id='word_1_129' title='bbox 1094 1748 1310 1831; x_wconf 89' lang='lat' dir='ltr'>grammaticis</span> <span class='ocrx_word' id='word_1_130' title='bbox 1324 1745 1345 1826; x_wconf 70' lang='lat'>2]</span> 
     </span>
    </p>
   </div>
   <div class='ocr_carea' id='block_1_6' title="bbox 183 1852 1366 3749">
    <p class='ocr_par' dir='ltr' id='par_1_7' title="bbox 183 1852 1366 3749">
     <span class='ocr_line' id='line_1_16' title="bbox 184 1852 1345 1937; baseline -0.001 -21"><span class='ocrx_word' id='word_1_131' title='bbox 184 1854 323 1937; x_wconf 87' lang='lat' dir='ltr'>antiquis</span> <span class='ocrx_word' id='word_1_132' title='bbox 358 1852 473 1916; x_wconf 91' lang='lat' dir='ltr'>Horati</span> <span class='ocrx_word' id='word_1_133' title='bbox 501 1854 599 1917; x_wconf 88' lang='lat' dir='ltr'>verba</span> <span class='ocrx_word' id='word_1_134' title='bbox 628 1852 732 1915; x_wconf 87' lang='lat' dir='ltr'>milies</span> <span class='ocrx_word' id='word_1_135' title='bbox 757 1852 979 1916; x_wconf 86' lang='lat' dir='ltr'>exhibentibus</span> <span class='ocrx_word' id='word_1_136' title='bbox 1003 1857 1191 1936; x_wconf 88' lang='lat' dir='ltr'>usurpatum</span> <span class='ocrx_word' id='word_1_137' title='bbox 1216 1858 1274 1929; x_wconf 91' lang='lat' dir='ltr'>est,</span> <span class='ocrx_word' id='word_1_138' title='bbox 1297 1853 1345 1917; x_wconf 91' lang='lat' dir='ltr'>sub</span> 
     </span>
     <span class='ocr_line' id='line_1_17' title="bbox 183 1959 1366 2044; baseline -0.002 -21"><span class='ocrx_word' id='word_1_139' title='bbox 183 1961 280 2024; x_wconf 89' lang='lat' dir='ltr'>finem</span> <span class='ocrx_word' id='word_1_140' title='bbox 314 1960 410 2043; x_wconf 89' lang='lat' dir='ltr'>primi</span> <span class='ocrx_word' id='word_1_141' title='bbox 444 1963 516 2043; x_wconf 89' lang='lat' dir='ltr'>post</span> <span class='ocrx_word' id='word_1_142' title='bbox 552 1959 625 2022; x_wconf 77' lang='lat' dir='ltr'>Chr.</span> <span class='ocrx_word' id='word_1_143' title='bbox 661 1959 769 2024; x_wconf 89' lang='lat' dir='ltr'>saeculi</span> <span class='ocrx_word' id='word_1_144' title='bbox 805 1964 908 2023; x_wconf 83' lang='lat' dir='ltr'>ortunr</span> <span class='ocrx_word' id='word_1_145' title='bbox 936 1960 1028 2044; x_wconf 89' lang='lat' dir='ltr'>volgo</span> <span class='ocrx_word' id='word_1_146' title='bbox 1064 1961 1206 2024; x_wconf 90' lang='lat' dir='ltr'>credunt.</span> <span class='ocrx_word' id='word_1_147' title='bbox 1254 1960 1366 2023; x_wconf 87' lang='lat' dir='ltr'>Huius&#39;</span> 
     </span>
     <span class='ocr_line' id='line_1_18' title="bbox 185 2065 1350 2151; baseline -0.002 -22"><span class='ocrx_word' id='word_1_148' title='bbox 185 2066 352 2149; x_wconf 82' lang='lat' dir='ltr'>archetypi</span> <span class='ocrx_word' id='word_1_149' title='bbox 389 2069 494 2129; x_wconf 90' lang='lat' dir='ltr'>errata</span> <span class='ocrx_word' id='word_1_150' title='bbox 528 2065 682 2149; x_wconf 89' lang='lat' dir='ltr'>pleraque</span> <span class='ocrx_word' id='word_1_151' title='bbox 707 2066 811 2128; x_wconf 90' lang='lat' dir='ltr'>omnia</span> <span class='ocrx_word' id='word_1_152' title='bbox 835 2066 867 2128; x_wconf 92' lang='lat' dir='ltr'>in</span> <span class='ocrx_word' id='word_1_153' title='bbox 891 2066 1094 2131; x_wconf 89' lang='lat' dir='ltr'>librariorum</span> <span class='ocrx_word' id='word_1_154' title='bbox 1117 2067 1350 2151; x_wconf 84' lang='lat' dir='ltr'>neglegentiam</span> 
     </span>
     <span class='ocr_line' id='line_1_19' title="bbox 185 2171 1350 2257; baseline -0.003 -20"><span class='ocrx_word' id='word_1_155' title='bbox 185 2173 375 2238; x_wconf 86' lang='lat' dir='ltr'>conferenda</span> <span class='ocrx_word' id='word_1_156' title='bbox 409 2176 492 2248; x_wconf 91' lang='lat' dir='ltr'>sunt,</span> <span class='ocrx_word' id='word_1_157' title='bbox 528 2173 642 2235; x_wconf 88' lang='lat' dir='ltr'>menda</span> <span class='ocrx_word' id='word_1_158' title='bbox 665 2172 783 2254; x_wconf 88' lang='lat' dir='ltr'>ineptis</span> <span class='ocrx_word' id='word_1_159' title='bbox 812 2172 925 2257; x_wconf 88' lang='lat' dir='ltr'>glossis</span> <span class='ocrx_word' id='word_1_160' title='bbox 952 2177 1020 2236; x_wconf 90' lang='lat' dir='ltr'>orta</span> <span class='ocrx_word' id='word_1_161' title='bbox 1043 2176 1117 2235; x_wconf 92' lang='lat' dir='ltr'>sunt</span> <span class='ocrx_word' id='word_1_162' title='bbox 1140 2174 1302 2236; x_wconf 88' lang='lat' dir='ltr'>rarissima</span> <span class='ocrx_word' id='word_1_163' title='bbox 1316 2171 1350 2254; x_wconf 81' lang='lat'>³).</span> 
     </span>
     <span class='ocr_line' id='line_1_20' title="bbox 186 2277 1352 2364; baseline -0.001 -22"><span class='ocrx_word' id='word_1_164' title='bbox 186 2279 291 2355; x_wconf 75' lang='lat' dir='ltr'>Quum</span> <span class='ocrx_word' id='word_1_165' title='bbox 314 2279 415 2364; x_wconf 90' lang='lat' dir='ltr'>igitur</span> <span class='ocrx_word' id='word_1_166' title='bbox 438 2277 553 2342; x_wconf 92' lang='lat' dir='ltr'>Horati</span> <span class='ocrx_word' id='word_1_167' title='bbox 577 2279 697 2362; x_wconf 88' lang='lat' dir='ltr'>scripta</span> <span class='ocrx_word' id='word_1_168' title='bbox 720 2302 778 2362; x_wconf 92' lang='lat' dir='ltr'>per</span> <span class='ocrx_word' id='word_1_169' title='bbox 801 2285 924 2363; x_wconf 89' lang='lat' dir='ltr'>septem</span> <span class='ocrx_word' id='word_1_170' title='bbox 948 2279 1065 2343; x_wconf 89' lang='lat' dir='ltr'>saecula</span> <span class='ocrx_word' id='word_1_171' title='bbox 1089 2279 1177 2360; x_wconf 85' lang='lat' dir='ltr'>(narn</span> <span class='ocrx_word' id='word_1_172' title='bbox 1201 2278 1352 2363; x_wconf 89' lang='lat' dir='ltr'>antiquis·</span> 
     </span>
     <span class='ocr_line' id='line_1_21' title="bbox 185 2385 1353 2470; baseline -0.002 -20"><span class='ocrx_word' id='word_1_173' title='bbox 185 2387 267 2463; x_wconf 90' lang='lat' dir='ltr'>simi,</span> <span class='ocrx_word' id='word_1_174' title='bbox 303 2408 380 2470; x_wconf 89' lang='lat' dir='ltr'>quos</span> <span class='ocrx_word' id='word_1_175' title='bbox 415 2385 579 2463; x_wconf 90' lang='lat' dir='ltr'>habemus,</span> <span class='ocrx_word' id='word_1_176' title='bbox 616 2386 738 2450; x_wconf 88' lang='lat' dir='ltr'>codices</span> <span class='ocrx_word' id='word_1_177' title='bbox 773 2408 852 2465; x_wconf 89' lang='lat' dir='ltr'>nono</span> <span class='ocrx_word' id='word_1_178' title='bbox 876 2410 908 2469; x_wconf 92' lang='lat' dir='ltr'>p.</span> <span class='ocrx_word' id='word_1_179' title='bbox 934 2386 1007 2450; x_wconf 84' lang='lat' dir='ltr'>Chr.</span> <span class='ocrx_word' id='word_1_180' title='bbox 1033 2385 1147 2450; x_wconf 83' lang='lat' dir='ltr'>saeculo</span> <span class='ocrx_word' id='word_1_181' title='bbox 1172 2387 1307 2450; x_wconf 82' lang='lat' dir='ltr'>extiteru</span> <span class='ocrx_word' id='word_1_182' title='bbox 1328 2385 1353 2466; x_wconf 81' lang='lat' dir='ltr'>t)</span> 
     </span>
     <span class='ocr_line' id='line_1_22' title="bbox 188 2493 1354 2577; baseline 0 -20"><span class='ocrx_word' id='word_1_183' title='bbox 188 2495 310 2557; x_wconf 93' lang='lat' dir='ltr'>omnino</span> <span class='ocrx_word' id='word_1_184' title='bbox 334 2493 401 2556; x_wconf 89' lang='lat' dir='ltr'>fere</span> <span class='ocrx_word' id='word_1_185' title='bbox 425 2493 552 2577; x_wconf 88' lang='lat' dir='ltr'>integra</span> <span class='ocrx_word' id='word_1_186' title='bbox 580 2496 706 2556; x_wconf 88' lang='lat' dir='ltr'>servata</span> <span class='ocrx_word' id='word_1_187' title='bbox 730 2493 803 2568; x_wconf 86' lang='lat' dir='ltr'>sint,</span> <span class='ocrx_word' id='word_1_188' title='bbox 828 2516 961 2575; x_wconf 89' lang='lat' dir='ltr'>quorum</span> <span class='ocrx_word' id='word_1_189' title='bbox 985 2493 1097 2577; x_wconf 90' lang='lat' dir='ltr'>primis</span> <span class='ocrx_word' id='word_1_190' title='bbox 1122 2515 1172 2556; x_wconf 89' lang='lat' dir='ltr'>ars</span> <span class='ocrx_word' id='word_1_191' title='bbox 1196 2515 1354 2577; x_wconf 86' lang='lat' dir='ltr'>gramma-</span> 
     </span>
     <span class='ocr_line' id='line_1_23' title="bbox 186 2599 1357 2683; baseline -0.001 -20"><span class='ocrx_word' id='word_1_192' title='bbox 186 2600 321 2664; x_wconf 91' lang='lat' dir='ltr'>ticorum</span> <span class='ocrx_word' id='word_1_193' title='bbox 333 2599 403 2682; x_wconf 87' lang='lat' dir='ltr'>(qui</span> <span class='ocrx_word' id='word_1_194' title='bbox 414 2600 655 2682; x_wconf 89' lang='lat' dir='ltr'>interpolatores</span> <span class='ocrx_word' id='word_1_195' title='bbox 667 2599 765 2662; x_wconf 76' lang='lat' dir='ltr'>luisse</span> <span class='ocrx_word' id='word_1_196' title='bbox 778 2601 969 2683; x_wconf 87' lang='lat' dir='ltr'>arguuntur)</span> <span class='ocrx_word' id='word_1_197' title='bbox 981 2600 1115 2663; x_wconf 85' lang='lat' dir='ltr'>maxime</span> <span class='ocrx_word' id='word_1_198' title='bbox 1129 2601 1274 2679; x_wconf 89' lang='lat' dir='ltr'>florebat,</span> <span class='ocrx_word' id='word_1_199' title='bbox 1284 2621 1357 2664; x_wconf 91' lang='lat' dir='ltr'>num</span> 
     </span>
     <span class='ocr_line' id='line_1_24' title="bbox 186 2706 1358 2792; baseline -0.003 -21"><span class='ocrx_word' id='word_1_200' title='bbox 186 2730 260 2771; x_wconf 84' lang='lat' dir='ltr'>vero</span> <span class='ocrx_word' id='word_1_201' title='bbox 284 2706 386 2769; x_wconf 93' lang='lat' dir='ltr'>simile</span> <span class='ocrx_word' id='word_1_202' title='bbox 411 2711 468 2783; x_wconf 88' lang='lat' dir='ltr'>est,</span> <span class='ocrx_word' id='word_1_203' title='bbox 505 2710 684 2770; x_wconf 86' lang='lat' dir='ltr'>contextum</span> <span class='ocrx_word' id='word_1_204' title='bbox 706 2707 792 2769; x_wconf 88' lang='lat' dir='ltr'>intra</span> <span class='ocrx_word' id='word_1_205' title='bbox 821 2708 862 2770; x_wconf 82' lang='lat'>60</span> <span class='ocrx_word' id='word_1_206' title='bbox 890 2706 942 2770; x_wconf 84' lang='lat' dir='ltr'>vel</span> <span class='ocrx_word' id='word_1_207' title='bbox 972 2708 1013 2770; x_wconf 75' lang='lat' dir='ltr'>io</span> <span class='ocrx_word' id='word_1_208' title='bbox 1038 2730 1135 2771; x_wconf 91' lang='lat' dir='ltr'>annos</span> <span class='ocrx_word' id='word_1_209' title='bbox 1158 2707 1266 2791; x_wconf 90' lang='lat' dir='ltr'>paullo</span> <span class='ocrx_word' id='word_1_210' title='bbox 1289 2709 1358 2792; x_wconf 91' lang='lat' dir='ltr'>post</span> 
     </span>
     <span class='ocr_line' id='line_1_25' title="bbox 187 2812 1357 2898; baseline 0 -21"><span class='ocrx_word' id='word_1_211' title='bbox 187 2817 289 2897; x_wconf 88' lang='lat' dir='ltr'>poetae</span> <span class='ocrx_word' id='word_1_212' title='bbox 317 2816 451 2876; x_wconf 91' lang='lat' dir='ltr'>mortem</span> <span class='ocrx_word' id='word_1_213' title='bbox 479 2812 631 2876; x_wconf 90' lang='lat' dir='ltr'>memoria</span> <span class='ocrx_word' id='word_1_214' title='bbox 661 2812 837 2876; x_wconf 90' lang='lat' dir='ltr'>carminum</span> <span class='ocrx_word' id='word_1_215' title='bbox 860 2814 981 2877; x_wconf 87' lang='lat' dir='ltr'>recenti</span> <span class='ocrx_word' id='word_1_216' title='bbox 1004 2814 1096 2876; x_wconf 88' lang='lat' dir='ltr'>valde</span> <span class='ocrx_word' id='word_1_217' title='bbox 1120 2815 1280 2898; x_wconf 88' lang='lat' dir='ltr'>corrumpi</span> <span class='ocrx_word' id='word_1_218' title='bbox 1303 2837 1357 2898; x_wconf 95' lang='lat' dir='ltr'>po·</span> 
     </span>
     <span class='ocr_line' id='line_1_26' title="bbox 187 2917 1358 3003; baseline 0.002 -21"><span class='ocrx_word' id='word_1_219' title='bbox 187 2920 305 2983; x_wconf 81' lang='lat' dir='ltr'>tuisse?</span> <span class='ocrx_word' id='word_1_220' title='bbox 351 2917 471 2982; x_wconf 85' lang='lat' dir='ltr'>Tamen</span> <span class='ocrx_word' id='word_1_221' title='bbox 494 2919 569 2983; x_wconf 93' lang='lat' dir='ltr'>huic</span> <span class='ocrx_word' id='word_1_222' title='bbox 592 2923 659 2982; x_wconf 90' lang='lat' dir='ltr'>tam</span> <span class='ocrx_word' id='word_1_223' title='bbox 682 2941 779 3002; x_wconf 87' lang='lat' dir='ltr'>parvo</span> <span class='ocrx_word' id='word_1_224' title='bbox 803 2920 939 3003; x_wconf 91' lang='lat' dir='ltr'>tempori</span> <span class='ocrx_word' id='word_1_225' title='bbox 964 2941 1069 2984; x_wconf 89' lang='lat' dir='ltr'>omnes</span> <span class='ocrx_word' id='word_1_226' title='bbox 1093 2921 1285 2984; x_wconf 87' lang='lat' dir='ltr'>recentiores</span> <span class='ocrx_word' id='word_1_227' title='bbox 1309 2922 1358 2984; x_wconf 93' lang='lat' dir='ltr'>in-</span> 
     </span>
     <span class='ocr_line' id='line_1_27' title="bbox 187 3025 1360 3109; baseline 0.002 -21"><span class='ocrx_word' id='word_1_228' title='bbox 187 3026 432 3109; x_wconf 89' lang='lat' dir='ltr'>terpolationum</span> <span class='ocrx_word' id='word_1_229' title='bbox 455 3030 648 3089; x_wconf 86' lang='lat' dir='ltr'>scrutatores</span> <span class='ocrx_word' id='word_1_230' title='bbox 673 3025 893 3090; x_wconf 86' lang='lat' dir='ltr'>adhaerescunt</span> <span class='ocrx_word' id='word_1_231' title='bbox 916 3030 1065 3108; x_wconf 88' lang='lat' dir='ltr'>putantes</span> <span class='ocrx_word' id='word_1_232' title='bbox 1090 3027 1194 3090; x_wconf 91' lang='lat' dir='ltr'>omnia</span> <span class='ocrx_word' id='word_1_233' title='bbox 1217 3032 1287 3090; x_wconf 90' lang='lat' dir='ltr'>tum</span> <span class='ocrx_word' id='word_1_234' title='bbox 1311 3028 1360 3090; x_wconf 91' lang='lat' dir='ltr'>in·</span> 
     </span>
     <span class='ocr_line' id='line_1_28' title="bbox 188 3131 1362 3219; baseline 0.003 -25"><span class='ocrx_word' id='word_1_235' title='bbox 188 3136 274 3195; x_wconf 89' lang='lat' dir='ltr'>serta</span> <span class='ocrx_word' id='word_1_236' title='bbox 309 3154 376 3195; x_wconf 89' lang='lat' dir='ltr'>esse</span> <span class='ocrx_word' id='word_1_237' title='bbox 412 3132 628 3196; x_wconf 89' lang='lat' dir='ltr'>additamenta</span> <span class='ocrx_word' id='word_1_238' title='bbox 663 3133 782 3215; x_wconf 88' lang='lat' dir='ltr'>spuria.</span> <span class='ocrx_word' id='word_1_239' title='bbox 840 3131 903 3196; x_wconf 84' lang='lat' dir='ltr'>Sed</span> <span class='ocrx_word' id='word_1_240' title='bbox 938 3131 1035 3195; x_wconf 86' lang='lat' dir='ltr'>etiam</span> <span class='ocrx_word' id='word_1_241' title='bbox 1071 3133 1108 3196; x_wconf 93' lang='lat' dir='ltr'>de</span> <span class='ocrx_word' id='word_1_242' title='bbox 1137 3132 1191 3196; x_wconf 93' lang='lat' dir='ltr'>illo</span> <span class='ocrx_word' id='word_1_243' title='bbox 1216 3135 1362 3219; x_wconf 82' lang='lat' dir='ltr'>quamvis</span> 
     </span>
     <span class='ocr_line' id='line_1_29' title="bbox 189 3238 1362 3325; baseline 0.003 -23"><span class='ocrx_word' id='word_1_244' title='bbox 189 3239 302 3323; x_wconf 84' lang='lat' dir='ltr'>exiguo</span> <span class='ocrx_word' id='word_1_245' title='bbox 336 3240 487 3321; x_wconf 87' lang='lat' dir='ltr'>temporis</span> <span class='ocrx_word' id='word_1_246' title='bbox 522 3239 624 3323; x_wconf 90' lang='lat' dir='ltr'>spatio</span> <span class='ocrx_word' id='word_1_247' title='bbox 648 3239 749 3302; x_wconf 90' lang='lat' dir='ltr'>multa</span> <span class='ocrx_word' id='word_1_248' title='bbox 773 3238 875 3322; x_wconf 91' lang='lat' dir='ltr'>promi</span> <span class='ocrx_word' id='word_1_249' title='bbox 899 3244 1030 3322; x_wconf 90' lang='lat' dir='ltr'>possunt</span> <span class='ocrx_word' id='word_1_250' title='bbox 1054 3240 1094 3302; x_wconf 89' lang='lat' dir='ltr'>ad</span> <span class='ocrx_word' id='word_1_251' title='bbox 1117 3240 1217 3303; x_wconf 84' lang='lat' dir='ltr'>vitam</span> <span class='ocrx_word' id='word_1_252' title='bbox 1240 3241 1362 3325; x_wconf 86' lang='lat' dir='ltr'>hyper·</span> 
     </span>
     <span class='ocr_line' id='line_1_30' title="bbox 190 3345 1363 3412; baseline 0.002 -2"><span class='ocrx_word' id='word_1_253' title='bbox 190 3345 309 3410; x_wconf 88' lang='lat' dir='ltr'>criticis</span> <span class='ocrx_word' id='word_1_254' title='bbox 344 3346 492 3410; x_wconf 88' lang='lat' dir='ltr'>acerbam</span> <span class='ocrx_word' id='word_1_255' title='bbox 526 3346 720 3409; x_wconf 87' lang='lat' dir='ltr'>reddendam</span> <span class='ocrx_word' id='word_1_256' title='bbox 756 3346 1000 3409; x_wconf 87' lang='lat' dir='ltr'>accommodata.</span> <span class='ocrx_word' id='word_1_257' title='bbox 1053 3347 1162 3410; x_wconf 89' lang='lat' dir='ltr'>Etiam</span> <span class='ocrx_word' id='word_1_258' title='bbox 1184 3347 1241 3410; x_wconf 89' lang='lat' dir='ltr'>illa</span> <span class='ocrx_word' id='word_1_259' title='bbox 1266 3352 1363 3412; x_wconf 83' lang='lat' dir='ltr'>aetate</span> 
     </span>
     <span class='ocr_line' id='line_1_31' title="bbox 189 3451 1365 3520; baseline 0.004 -5"><span class='ocrx_word' id='word_1_260' title='bbox 189 3451 275 3515; x_wconf 89' lang='lat' dir='ltr'>haud</span> <span class='ocrx_word' id='word_1_261' title='bbox 309 3474 381 3514; x_wconf 86' lang='lat' dir='ltr'>raro</span> <span class='ocrx_word' id='word_1_262' title='bbox 408 3451 460 3515; x_wconf 84' lang='lat' dir='ltr'>vel</span> <span class='ocrx_word' id='word_1_263' title='bbox 488 3456 812 3516; x_wconf 84' lang='lat' dir='ltr'>commemoraverunt</span> <span class='ocrx_word' id='word_1_264' title='bbox 835 3452 886 3515; x_wconf 88' lang='lat' dir='ltr'>vel</span> <span class='ocrx_word' id='word_1_265' title='bbox 910 3452 1026 3515; x_wconf 88' lang='lat' dir='ltr'>imitati</span> <span class='ocrx_word' id='word_1_266' title='bbox 1050 3457 1124 3515; x_wconf 87' lang='lat' dir='ltr'>sunt</span> <span class='ocrx_word' id='word_1_267' title='bbox 1146 3453 1198 3516; x_wconf 89' lang='lat' dir='ltr'>vel</span> <span class='ocrx_word' id='word_1_268' title='bbox 1221 3455 1365 3520; x_wconf 89' lang='lat' dir='ltr'>oratione</span> 
     </span>
     <span class='ocr_line' id='line_1_32' title="bbox 190 3557 1365 3643; baseline 0.003 -21"><span class='ocrx_word' id='word_1_269' title='bbox 190 3581 247 3623; x_wconf 90' lang='lat' dir='ltr'>sua</span> <span class='ocrx_word' id='word_1_270' title='bbox 275 3559 444 3642; x_wconf 91' lang='lat' dir='ltr'>designant</span> <span class='ocrx_word' id='word_1_271' title='bbox 474 3564 505 3622; x_wconf 93' lang='lat' dir='ltr'>et</span> <span class='ocrx_word' id='word_1_272' title='bbox 526 3562 665 3643; x_wconf 88' lang='lat' dir='ltr'>tangunt</span> <span class='ocrx_word' id='word_1_273' title='bbox 687 3559 786 3622; x_wconf 88' lang='lat' dir='ltr'>verba</span> <span class='ocrx_word' id='word_1_274' title='bbox 809 3557 924 3622; x_wconf 89' lang='lat' dir='ltr'>Horati</span> <span class='ocrx_word' id='word_1_275' title='bbox 948 3557 1090 3637; x_wconf 69' lang='lat' dir='ltr'>Ovidius</span> <span class='ocrx_word' id='word_1_276' title='bbox 1115 3558 1270 3637; x_wconf 86' lang='lat' dir='ltr'>Tibullus,</span> <span class='ocrx_word' id='word_1_277' title='bbox 1297 3561 1365 3626; x_wconf 88' lang='lat' dir='ltr'>alii.</span> 
     </span>
     <span class='ocr_line' id='line_1_33' title="bbox 191 3650 1364 3749; baseline 0.004 -22"><span class='ocrx_word' id='word_1_278' title='bbox 191 3662 250 3728; x_wconf 91' lang='lat' dir='ltr'>Od.</span> <span class='ocrx_word' id='word_1_279' title='bbox 279 3663 304 3727; x_wconf 92' lang='lat' dir='ltr'>I:</span> <span class='ocrx_word' id='word_1_280' title='bbox 335 3667 387 3742; x_wconf 85' lang='lat'>12,</span> <span class='ocrx_word' id='word_1_281' title='bbox 416 3666 456 3728; x_wconf 83' lang='grc'>41</span> <span class='ocrx_word' id='word_1_282' title='bbox 493 3650 675 3748; x_wconf 78' lang='lat' dir='ltr'>repudiavit</span> <span class='ocrx_word' id='word_1_283' title='bbox 702 3665 771 3748; x_wconf 87' lang='lat' dir='ltr'>ipse</span> <span class='ocrx_word' id='word_1_284' title='bbox 799 3659 961 3749; x_wconf 80' lang='lat' dir='ltr'>Hauptius</span> <span class='ocrx_word' id='word_1_285' title='bbox 985 3687 1044 3729; x_wconf 88' lang='lat' dir='ltr'>nec</span> <span class='ocrx_word' id='word_1_286' title='bbox 1067 3687 1129 3728; x_wconf 92' lang='lat' dir='ltr'>non</span> <span class='ocrx_word' id='word_1_287' title='bbox 1152 3665 1190 3729; x_wconf 91' lang='lat' dir='ltr'>L.</span> <span class='ocrx_word' id='word_1_288' title='bbox 1215 3666 1364 3747; x_wconf 87' lang='lat' dir='ltr'>Mueller,</span> 
     </span>
    </p>
   </div>
   <div class='ocr_carea' id='block_1_7' title="bbox 191 3839 1367 4175">
    <p class='ocr_par' dir='ltr' id='par_1_8' title="bbox 191 3839 1367 3996">
     <span class='ocr_line' id='line_1_34' title="bbox 266 3839 1367 3902; baseline 0.008 -10"><span class='ocrx_word' id='word_1_289' title='bbox 266 3839 283 3902; x_wconf 76' lang='lat'>¹)</span> <span class='ocrx_word' id='word_1_290' title='bbox 303 3848 425 3895; x_wconf 76' lang='lat' dir='ltr'>zeitschr.</span> <span class='ocrx_word' id='word_1_291' title='bbox 454 3849 471 3895; x_wconf 88' lang='lat' dir='ltr'>f.</span> <span class='ocrx_word' id='word_1_292' title='bbox 501 3849 525 3895; x_wconf 94' lang='lat' dir='ltr'>d.</span> <span class='ocrx_word' id='word_1_293' title='bbox 553 3850 604 3896; x_wconf 86' lang='lat' dir='ltr'>Ait.</span> <span class='ocrx_word' id='word_1_294' title='bbox 632 3851 708 3896; x_wconf 88' lang='lat' dir='ltr'>Wiss.</span> <span class='ocrx_word' id='word_1_295' title='bbox 736 3851 774 3896; x_wconf 88' lang='lat' dir='ltr'>De</span> <span class='ocrx_word' id='word_1_296' title='bbox 802 3851 843 3895; x_wconf 86' lang='lat' dir='ltr'>his</span> <span class='ocrx_word' id='word_1_297' title='bbox 862 3847 1017 3895; x_wconf 79' lang='lat' dir='ltr'>testimoniis</span> <span class='ocrx_word' id='word_1_298' title='bbox 1036 3851 1062 3895; x_wconf 89' lang='lat' dir='ltr'>in</span> <span class='ocrx_word' id='word_1_299' title='bbox 1082 3851 1294 3897; x_wconf 86' lang='lat' dir='ltr'>commentatione</span> <span class='ocrx_word' id='word_1_300' title='bbox 1313 3853 1367 3901; x_wconf 82' lang='lat' dir='ltr'>iam</span> 
     </span>
     <span class='ocr_line' id='line_1_35' title="bbox 191 3916 682 3996; baseline 0.008 -15"><span class='ocrx_word' id='word_1_301' title='bbox 191 3938 389 3982; x_wconf 86' lang='lat' dir='ltr'>commemorata</span> <span class='ocrx_word' id='word_1_302' title='bbox 407 3937 483 3996; x_wconf 83' lang='lat' dir='ltr'>plura</span> <span class='ocrx_word' id='word_1_303' title='bbox 500 3939 549 3984; x_wconf 83' lang='lat' dir='ltr'>icci</span> <span class='ocrx_word' id='word_1_304' title='bbox 567 3940 652 3985; x_wconf 88' lang='lat' dir='ltr'>verba.</span> <span class='ocrx_word' id='word_1_305' title='bbox 680 3916 682 3920; x_wconf 14' lang='grc' dir='ltr'><em>Α</em></span> 
     </span>
    </p>

    <p class='ocr_par' dir='ltr' id='par_1_9' title="bbox 266 4016 842 4086">
     <span class='ocr_line' id='line_1_36' title="bbox 266 4016 842 4086; baseline 0.007 -16"><span class='ocrx_word' id='word_1_306' title='bbox 266 4016 284 4079; x_wconf 63' lang='lat'>⁹)</span> <span class='ocrx_word' id='word_1_307' title='bbox 303 4026 425 4085; x_wconf 84' lang='lat' dir='ltr'>Exceptis</span> <span class='ocrx_word' id='word_1_308' title='bbox 444 4027 529 4072; x_wconf 90' lang='lat' dir='ltr'>tamen</span> <span class='ocrx_word' id='word_1_309' title='bbox 547 4028 641 4086; x_wconf 87' lang='lat' dir='ltr'>Porph.</span> <span class='ocrx_word' id='word_1_310' title='bbox 662 4030 687 4073; x_wconf 89' lang='lat' dir='ltr'>et</span> <span class='ocrx_word' id='word_1_311' title='bbox 705 4029 842 4075; x_wconf 85' lang='lat' dir='ltr'>Frontone.</span> 
     </span>
    </p>

    <p class='ocr_par' dir='ltr' id='par_1_10' title="bbox 266 4104 744 4175">
     <span class='ocr_line' id='line_1_37' title="bbox 266 4104 744 4175; baseline 0.008 -16"><span class='ocrx_word' id='word_1_312' title='bbox 266 4104 285 4168; x_wconf 81' lang='lat'>⁸]</span> <span class='ocrx_word' id='word_1_313' title='bbox 304 4114 368 4160; x_wconf 90' lang='lat' dir='ltr'>Vide</span> <span class='ocrx_word' id='word_1_314' title='bbox 387 4115 479 4161; x_wconf 86' lang='lat' dir='ltr'>Keller.</span> <span class='ocrx_word' id='word_1_315' title='bbox 499 4116 597 4175; x_wconf 83' lang='lat' dir='ltr'>Epileg.</span> <span class='ocrx_word' id='word_1_316' title='bbox 617 4117 664 4162; x_wconf 85' lang='lat' dir='ltr'>III:</span> <span class='ocrx_word' id='word_1_317' title='bbox 686 4118 744 4163; x_wconf 77' lang='lat'>778.</span> 
     </span>
    </p>
   </div>
   <div class='ocr_carea' id='block_1_8' title="bbox 0 0 1405 4590">
    <p class='ocr_par' dir='ltr' id='par_1_11' title="bbox 0 0 1405 4590">
     <span class='ocr_line' id='line_1_38' title="bbox 0 0 1405 4590; baseline 0 0"><span class='ocrx_word' id='word_1_318' title='bbox 0 0 1405 4590; x_wconf 95' lang='lat' dir='ltr'> </span> 
     </span>
    </p>
   </div>
  </div>
 </body>
</html>
