2766 4590
601 171 775 233 „12-

103 367 164 427 que
187 346 288 431 igitur
312 347 459 430 strophas
484 370 552 412 esse
576 370 755 433 germanas,
781 351 822 412 33
847 350 982 433 spurias.
1030 349 1082 431 (ln
1105 351 1219 434 longo:

101 454 195 517 tertio
232 454 371 517 carmine
407 477 443 517 ex
480 456 520 518 18
555 458 611 518 str.
643 457 814 539 composito
847 456 1045 539 sesqualtera
1073 458 1202 541 stropha

102 583 265 646 germana,
301 561 426 644 reliqua
461 561 565 625 omniu
601 563 806 645 abicumtur).
865 563 925 626 His
960 565 1101 647 quinque
1137 568 1219 647 strop

101 670 194 733 valde
223 669 409 745 delectatur,
446 669 529 752 quod
558 669 622 731 sint
645 691 766 732 summo
791 670 925 733 artificio
949 671 1061 734 factas.
1113 670 1219 734 “Resti

101 777 237 840 tionem“
266 799 357 839 suam
381 777 591 840 certissimam
616 799 683 840 esse
707 781 800 860 putat
824 776 960 861 („vollig
984 778 1137 860 sicher“).

210 883 336 947 Aeacus
371 884 487 967 gaudio
523 884 632 947 fratris
667 907 729 947 non
764 883 902 948 laetatur.
949 884 1084 948 Peerlc:i
1108 890 1217 948 senten

102 991 208 1074 magis
238 991 390 1054 accedens
422 1013 438 1054 e
461 990 652 1076 fragmentis
676 991 853 1074 primarum
877 995 1026 1074 quattuor
1051 992 1182 1055 odarum
1205 1016 1219 1055 c

102 1120 175 1161 men
199 1098 380 1182 gnomicum
404 1098 504 1174 finxit,
529 1099 612 1181 quod
637 1121 653 1161 e
679 1101 719 1162 16
744 1098 883 1181 strophis
908 1102 1040 1162 constat.
1078 1101 1119 1161 42
1138 1104 1219 1181 strop

103 1206 321 1268 exturbantur.
369 1205 439 1280 Qua
473 1227 507 1268 re
543 1203 636 1288 putat
670 1228 703 1269 se
739 1227 867 1269 carmen
902 1228 1054 1282 servasse,
1086 1207 1169 1289 quod
1192 1207 1219 1269 in

101 1312 328 1396 pulcherrima,
353 1312 627 1395 praestantissima,
645 1312 853 1376 subtilissima
869 1312 1052 1375 habendum
1068 1314 1120 1376 sit.
1154 1313 1219 1376 “Du

102 1419 216 1502 inquit,
258 1440 429 1497 „annorum
462 1418 530 1482 fere
568 1419 658 1482 milia
680 1419 915 1502 praeterierunt,
944 1420 1132 1503 priusquam
1156 1426 1219 1483 sart

104 1531 151 1590 est
176 1527 435 1590 detrimentum“.

58 1716 61 1721 Δ
208 1632 393 1716 Numquam
420 1632 628 1717 hypercritici
651 1633 804 1696 maiorem
828 1655 928 1715 quam
952 1632 984 1694 in
1008 1632 1058 1694 his
1083 1635 1219 1707 carmini

100 1741 375 1823 perturbationem
416 1740 693 1822 confusionemque
736 1743 941 1815 creaverunt,
981 1761 1084 1822 neque
1126 1763 1219 1822 umqu

101 1847 205 1931 magis
244 1847 371 1911 infirma
409 1870 465 1910 seu
502 1848 608 1931 potius
647 1846 735 1909 nulla
769 1846 898 1910 fuerunt
933 1869 1041 1909 eorum
1077 1868 1218 1930 argumer

104 1953 255 2029 Quamvis
280 1955 431 2018 contrarii
454 1955 538 2018 inter
561 1975 629 2017 sese
646 1954 710 2016 sint
725 1953 829 2016 Minos
847 1953 869 2015 s
885 1952 1021 2029 Aeacus,
1046 1957 1154 2016 tamen
1172 1953 1219 2016 Gr

102 2061 174 2144 pius
209 2065 323 2144 putare
351 2061 478 2124 videtur
506 2061 676 2144 imperiosa
698 2061 865 2142 utriusque
890 2060 1017 2124 decreta
1040 2060 1128 2124 velut
1151 2065 1218 2122 mat

101 2167 291 2231 maticorum
326 2167 482 2230 axiomata
517 2167 714 2251 argumentis
750 2168 894 2231 omnibus
931 2189 1039 2231 carere
1074 2189 1176 2249 posse.

103 2274 181 2338 dicit
215 2274 298 2338 hanc
333 2274 385 2338 vel
419 2274 508 2337 illam
543 2274 707 2356 stropham
742 2274 934 2358 abigendam
970 2296 1047 2350 esse,
1088 2295 1219 2358 qrrarnqu

102 2380 144 2443 sit
167 2381 392 2464 pulcherrima,
416 2381 537 2444 nullam
557 2384 713 2464 praeterea
731 2402 858 2445 causam
875 2381 1019 2456 afferens,
1038 2385 1098 2444 cet.
1138 2379 1219 2442 Maxi

101 2486 183 2550 mira
218 2511 275 2550 sua
310 2492 342 2550 et
377 2487 597 2552 commenticia
632 2487 791 2550 sententia
824 2486 1001 2570 legentium
1036 2491 1163 2569 tempus
1191 2491 1219 2550 te

103 2616 166 2676 qua
201 2594 303 2658 credit
338 2595 514 2678 complures
550 2597 750 2676 corruptores
786 2594 826 2655 ad
861 2593 1119 2676 interpolantium
1149 2616 1219 2676 oper

102 2700 272 2765 contulisse
309 2704 340 2763 et
376 2701 540 2764 ostendere
576 2703 715 2773 conatur,
752 2699 807 2761 uhi
836 2698 917 2761 alius
940 2699 1090 2775 finiverit,
1121 2700 1219 2783 incepi

103 2807 194 2884 alius,
231 2808 306 2870 dum
332 2806 402 2871 haec
430 2807 529 2890 plaga
552 2810 780 2890 pertexeretur,
811 2828 873 2888 qua
897 2809 963 2868 tarn
988 2806 1043 2868 diu
1065 2806 1209 2877 homines

103 2914 191 2977 retiti
226 2918 309 2976 sunt.
357 2913 461 2977 Simili
495 2914 618 2976 ratione
646 2911 792 2976 Prienius
822 2913 899 2996 egit.
951 2911 1050 2986 Quasi
1073 2912 1215 2994 positum

104 3023 136 3083 et
160 3043 341 3084 concessum
365 3043 455 3083 suam
479 3021 625 3103 quodque
650 3042 777 3083 carmen
801 3019 965 3101 stropham
990 3022 1021 3081 et
1046 3019 1219 3102 antistropl

102 3126 231 3201 habere,
267 3150 323 3210 pro
353 3127 551 3211 argumentis
581 3128 655 3189 odas
678 3125 737 3189 IH:
764 3128 848 3188 1—3
874 3126 1056 3188 decurtatae
1081 3129 1112 3188 et
1136 3127 1217 3188 casti

102 3236 151 3296 tas
179 3233 288 3297 formis
317 3234 442 3298 excudit
470 3234 557 3317 ipsas
581 3256 637 3316 pro
662 3255 694 3295 se
719 3235 861 3295 tacentes
886 3232 1023 3295 clamare
1048 3236 1175 3315 putans.

102 3341 228 3404 terdum
263 3341 330 3403 sinc
365 3340 429 3403 ullo
463 3340 572 3404 labore
606 3363 674 3403 rem
701 3339 747 3402 ita
777 3339 913 3422 expedit,
942 3343 978 3401 ut
1001 3339 1113 3421 primae
1137 3344 1219 3424 strop

102 3447 251 3510 carminis
286 3447 417 3530 stropha
451 3446 539 3524 fiant,
576 3469 647 3529 quae
681 3445 825 3529 proxime
853 3450 1029 3527 sequuntur
1065 3447 1219 3529 antistrop

102 3552 234 3634 reliquae
269 3553 459 3618 abiciantur.
511 3552 557 3617 Ut
591 3553 624 3615 in
660 3553 799 3616 carmine
823 3552 918 3614 huius
942 3551 1018 3614 libri
1042 3556 1154 3633 quarto
1180 3575 1196 3615 e

102 3661 197 3723 2-6
232 3659 323 3723 finxit
357 3661 530 3744 stropham,
567 3682 583 3723 e
618 3663 674 3722 str.
712 3659 817 3721 7-11
855 3658 1098 3740 antistropham,
1134 3659 1217 3741 reliq

101 3788 214 3830 novem
243 3767 435 3850 repudiavit.
472 3803 513 3810 —
546 3765 650 3828 Minos
675 3788 700 3828 c.
726 3768 757 3841 ἵ),
781 3763 929 3828 Prienius
954 3787 980 3828 c.
1007 3766 1025 3827 5
1052 3768 1083 3827 et
1107 3767 1126 3827 6
1151 3765 1220 3828 silei

101 3873 269 3957 praeteriit‚
310 3873 376 3936 sive
411 3874 495 3956 (quod
528 3872 610 3935 nihil
643 3872 830 3936 invenerant
865 3872 1008 3955 dignum,
1045 3872 1128 3955 quod
1167 3895 1219 3955 rep

101 3977 306 4057 henderetur,
346 4002 401 4043 seu
440 3979 515 4061 quia
552 3980 653 4042 nubes
692 3982 724 4042 ct
761 3978 869 4041 inania
905 3978 1060 4061 captando
1108 3978 1219 4061 defatir

103 4090 203 4150 erant.
251 4086 318 4161 Quo
346 4086 468 4150 factum
498 4088 563 4175 est„
591 4090 626 4148 ut
648 4085 718 4150 haec
742 4085 883 4150 carmina
905 4084 1027 4148 minore
1052 4108 1146 4168 quam
1172 4091 1219 4149 cet
