2766 4590
598 177 772 239 ,34-

99 361 146 421 est
169 359 283 440 putare
308 377 381 418 eum
404 354 536 438 reliquis
561 353 636 417 anni
660 354 772 418 diebus
797 354 941 417 omnibus
965 358 1037 418 atra
1060 354 1219 418 sollicitudi

100 462 254 527 afflictum
276 462 394 526 vivere.

206 569 258 632 Ad
282 569 374 650 obito,
398 592 428 632 v.
451 569 504 645 24,
521 567 573 631 P.:
595 567 737 650 „quasi¹‘‚
754 567 869 651 inquit,
891 567 996 645 „aliud
1011 567 1119 632 facere
1134 572 1220 651 posset

98 678 191 741 Abito
215 680 322 740 autem
352 679 399 739 est
427 704 451 727 =
475 675 620 738 molestus
643 696 680 737 ne
703 677 757 752 sic,
784 678 820 737 ut
843 675 962 751 statim,
992 697 1099 738 omnes
1123 675 1220 758 cogita:

100 806 269 867 omnesque
306 782 475 866 explicant,
511 782 566 865 qui
602 782 730 864 quidem
754 804 822 845 rem
845 785 911 845 tam
936 786 1083 865 apertam
1107 783 1220 866 explana

31 885 36 895 ’
99 896 211 956 curent
240 891 264 973 ).

206 997 371 1062 Schuetzio
397 1019 444 1073 ea,
468 1018 540 1079 quae
564 995 717 1060 Lehrsius
745 996 779 1058 in
803 999 959 1059 extremas
983 1000 1049 1060 tres
1074 1001 1130 1060 str.
1154 997 1220 1060 iocal

99 1110 157 1183 est,
181 1105 285 1189 magis
308 1105 412 1167 hilara
436 1126 532 1186 quam
556 1104 596 1166 ad
619 1103 874 1186 persuadendum
898 1106 974 1186 apta
998 1104 1156 1167 videntur.
1198 1101 1220 1186 Ι]

100 1213 177 1277 dicit
206 1213 322 1296 prrellrc
356 1213 459 1274 cirum
493 1233 556 1274 noro
590 1218 721 1293 experire
750 1232 817 1274 esse
842 1211 940 1273 verba
963 1210 1137 1287 miserima
1161 1211 1220 1294 quil

99 1342 190 1383 nemo
214 1322 334 1395 utatur,
358 1318 421 1380 nisi
444 1317 500 1400 qui
521 1339 648 1380 versum
663 1317 793 1400 plenum
809 1316 918 1394 faciat,
934 1340 1039 1400 neque
1057 1317 1151 1381 aliter
1166 1339 1220 1401 posi

103 1431 135 1490 et
159 1427 324 1489 ostendere
346 1428 487 1501 conatur,
506 1425 622 1508 puella
637 1424 826 1488 vocabulum
843 1424 1022 1508 appositam
1039 1429 1072 1487 et
1087 1424 1220 1488 sententi

100 1534 303 1617 supplentem
325 1554 434 1597 vocem
457 1554 519 1595 non
543 1532 734 1608 desiderare,
758 1531 820 1594 uisi
844 1553 941 1614 quum
965 1530 1089 1614 puellas
1113 1532 1147 1596 in
1163 1535 1220 1594 mat

100 1641 241 1704 monium
275 1640 341 1703 iam
375 1639 543 1703 collocatas
579 1639 748 1722 significet.
796 1638 956 1721 Equidem
979 1639 1065 1702 hunc
1089 1638 1220 1702 locuma

100 1748 191 1811 modo
227 1747 346 1830 explico
381 1744 435 1826 (de
470 1768 530 1828 quo
558 1745 631 1809 vide
659 1738 767 1828 inira),
792 1749 899 1809 tamen
922 1745 1029 1810 facere
1053 1767 1116 1809 non
1139 1767 1220 1828 possa

102 1853 179 1937 quin
214 1854 476 1930 animadvertam,
511 1853 609 1916 verba
644 1852 700 1914 illa
721 1852 838 1935 pruelloe
861 1873 924 1915 oron
949 1855 1051 1915 uirum
1075 1859 1201 1935 apeme

100 1960 206 2024 Bentl.
241 1960 335 2044 legit)
370 1981 432 2023 non
467 1981 535 2022 esse
570 1964 663 2043 poeta
690 1960 795 2024 minus
819 1960 917 2044 digna
941 1982 1037 2042 quam
1061 1961 1146 2044 quod
1168 1960 1220 2022 Ber

102 2068 205 2131 affert.
231 2090 276 2130 ex.
301 2065 374 2149 Epl.
399 2063 445 2129 II:
474 2066 502 2142 1,
528 2067 586 2128 32:

306 2251 390 2297 Castis
410 2264 467 2296 cum
485 2250 574 2309 pueris
594 2252 619 2295 et
638 2251 725 2308 ignara
744 2251 830 2310 puella
848 2251 935 2296 mariti

304 2341 421 2386 Disceret
440 2340 507 2385 unde
525 2353 623 2399 preces,
642 2344 726 2386 vatem
745 2341 795 2385 nisi
813 2354 888 2385 musa
907 2341 1037 2386 dedisset?

100 2493 213 2558 Puella
236 2495 340 2559 virum
363 2518 425 2558 non
450 2499 587 2577 expertae
613 2523 636 2546 =
661 2493 768 2577 puella
792 2494 905 2578 ignara
928 2494 1047 2557 mariti.

207 2600 248 2665 V.
274 2603 325 2666 11.
372 2602 569 2664 [concirent
593 2608 724 2684 espertoe
747 2602 827 2664 caule
851 2604 1007 2664 contactis,
1053 2599 1092 2664 In
1108 2601 1168 2665 hoc
1184 2623 1220 2664 ve:

102 2709 188 2773 mala
212 2708 295 2773 inest
318 2709 530 2792 interpretum
555 2730 639 2772 crux.
676 2707 810 2771 Crucem
834 2709 932 2771 etiam
954 2707 992 2771 L.
1016 2708 1155 2772 Mueller
1178 2730 1220 2790 ap]

101 2816 175 2879 suit.
237 2814 381 2879 Primum
419 2815 617 2898 inspicienda
657 2819 704 2878 est
744 2814 837 2879 lectio
873 2815 953 2877 mule
988 2817 1146 2896 conlatoris,
1182 2836 1220 2896 qu

102 2921 213 2986 Keller
247 2944 372 3005 quoque
395 2922 528 3005 recepit,
553 2944 747 3004 quamquam
770 2921 803 2983 in
828 2922 916 2985 codd.
962 2919 1035 2983 ltmi
1059 2924 1220 2984 tantumm

103 3029 221 3092 ordinis
245 3033 277 3093 et
299 3029 333 3092 in
356 3029 484 3093 scholiis
507 3027 735 3112 Porphyrionis
760 3031 792 3091 et
814 3027 1061 3092 Pseudoacronis
1085 3028 1178 3091 inest.
1216 3026 1220 3032 ’

103 3135 212 3199 demus
236 3136 289 3200 hic
312 3150 437 3219 quoque
461 3134 628 3198 Kellerum
644 3135 800 3198 rationem
815 3157 906 3197 suam
922 3134 1167 3198 commodiorem
1182 3158 1220 3218 qu

102 3243 270 3307 rectiorem
294 3242 480 3319 deseruisse,
506 3264 569 3324 qua
593 3241 763 3305 Horatium
787 3241 1039 3324 corruptelarum
1062 3242 1209 3306 sordibus

102 3371 243 3434 purgare
266 3350 382 3426 studet,
406 3352 443 3411 ut
466 3370 519 3411 eas
540 3348 691 3412 lectiones
707 3348 820 3432 probet
836 3352 868 3412 et
884 3349 1031 3432 accipiat,
1049 3371 1127 3431 quos
1144 3348 1220 3412 duar

104 3456 253 3520 classium
276 3455 321 3536 (h.
353 3478 379 3518 e.
404 3455 525 3539 plures)
550 3456 639 3519 codd.
664 3455 831 3519 sustinent.
877 3454 940 3518 Hic
964 3455 1160 3519 membranae
1184 3455 1220 3519 lo:

103 3562 249 3646 plurimae
272 3562 393 3626 habent
416 3563 497 3625 rnalc
512 3564 690 3644 nominatis
708 3585 771 3645 qua
786 3556 921 3626 lectione
936 3561 1044 3624 hiatus
1061 3562 1220 3626 intoleran

104 3669 234 3752 insuper
259 3669 395 3733 evitatus
420 3672 477 3733 est.
524 3668 775 3732 Collaudandum
799 3672 847 3732 est
862 3669 1016 3732 iudicium
1031 3668 1166 3746 Kelleri‚
1196 3693 1220 3754 q

104 3779 286 3859 contempta
319 3777 413 3840 vitati
436 3776 543 3841 hiatus
568 3799 640 3841 esca
662 3799 724 3840 non
748 3779 929 3841 constanter
951 3774 1108 3838 rationem
1132 3777 1220 3841 criti(

104 3886 230 3977 secutus
254 3886 312 3960 est,
337 3904 407 3965 quae
430 3884 645 3948 multitudinis
669 3884 844 3948 dominatui
868 3883 972 3947 omnia
994 3883 1154 3967 proderet.

216 4110 233 4174 ¹)
252 4121 316 4168 Vide
335 4121 402 4176 Gru,
422 4120 518 4167 Stamb.
537 4121 627 4174 nostr„
645 4120 781 4174 Ritterum,
801 4119 873 4166 alios.
