2766 4590
603 184 777 247 „57-

202 364 384 429 Immunem
405 365 458 430 hic
475 387 542 429 esse
559 365 759 429 innocentem
774 368 969 448 putaverunt
992 363 1076 430 Acro
1101 367 1124 429 a
1146 367 1280 451 Porph,

106 475 387 554 ,Commentator“,
419 475 613 546 Sanadonus,
645 473 797 551 Dillenb,
826 473 1107 558 Huepedeuius1),
1133 479 1166 538 et
1188 476 1273 541 inter

101 589 219 650 nostros
235 583 468 667 Stambergius‚
486 581 738 657 Fahlcrantzius,
756 580 938 647 (lavallinirs
951 583 987 666 9).
1012 583 1139 649 Interea
1155 587 1278 652 nullum

102 693 258 776 reperitur
281 691 315 754 in
338 690 440 754 literis
464 689 572 753 latinis
597 712 653 766 eu,
678 690 733 754 ubi
757 692 907 754 imitamen
930 691 1032 754 solum
1054 693 1139 757 nullo
1170 696 1279 761 addito

102 800 245 885 genetivo
270 821 294 862 s.
320 797 459 862 ablativo
483 797 582 861 talem
599 797 664 861 vim
680 797 809 862 habeat.
850 797 952 874 Quam
969 800 1008 863 ob
1026 823 1093 864 rem
1110 800 1196 865 haud
1213 803 1280 868 scio

103 930 138 971 an
160 907 252 970 illam
276 905 517 989 explicationem
534 905 703 988 repudiare
720 926 881 989 cogamur,
905 928 989 983 nam,
1014 912 1050 970 ut
1066 909 1144 973 dicit
1160 908 1275 975 Wick-

101 1015 233 1090 hamius,
263 1014 290 1077 si
314 1014 463 1076 trumonis
487 1016 570 1075 esset
593 1012 678 1075 idem
702 1012 784 1095 quod
809 1013 958 1076 immunis
981 1013 1147 1091 scelerum,
1178 1018 1280 1082 totius

103 1121 248 1187 carminis
272 1120 462 1204 gravissima
487 1124 570 1183 esset
592 1142 649 1183 vox
673 1119 752 1182 illud
775 1122 933 1202 scelerum,
959 1122 1014 1184 sed
1037 1121 1190 1186 Horatius
1213 1147 1275 1188 non

103 1229 175 1293 adeo
198 1230 331 1292 obscure
355 1227 493 1311 scripsit,
517 1230 553 1289 ut
577 1227 767 1311 gravissima
791 1228 957 1292 sententiae
981 1252 1055 1311 pars
1081 1230 1273 1314 cogitatione

103 1341 131 1400 et
152 1336 276 1399 incerta
300 1335 481 1399 coniectura
510 1334 654 1397 addenda
678 1322 770 1398 esset.
817 1333 931 1418 Neque
967 1358 1075 1399 eorum
1107 1337 1268 1420 opiniones

102 1442 280 1530 probabiles
314 1445 398 1518 sunt,
434 1442 490 1524 qui
529 1442 699 1505 artificiose
734 1440 981 1525 explicaverunt,
1018 1447 1053 1506 ut
1092 1443 1268 1509 Lambinus

103 1551 262 1634 (immunis
297 1578 338 1602 =
373 1549 550 1632 improbus)
577 1549 615 1631 ³),
645 1548 806 1613 Duentzer
829 1547 914 1629 (irei,
939 1549 1160 1633 geschitftsloa
1185 1551 1217 1616 h.
1242 1575 1269 1617 e.

60 1664 64 1737 )
103 1684 149 1724 am
183 1658 356 1741 Feiertage
372 1657 424 1739 4)),
458 1656 608 1720 Luebker
642 1654 735 1736 (rein,
771 1656 955 1739 korperlieh
985 1658 1050 1720 und
1079 1638 1277 1742 moialisch).

60 1754 63 1855 l
103 1765 211 1851 ltaque
238 1766 366 1850 proprio
392 1787 484 1828 sensu
502 1764 692 1846 capiendum
716 1768 764 1827 est
786 1764 846 1827 hoc
869 1764 1016 1828 verbum:
1041 1766 1108 1827 siue
1131 1787 1269 1847 inuuere,

60 1858 63 1975 )
103 1878 164 1938 siue
179 1875 281 1937 donia.
321 1871 390 1936 Hoc
407 1872 504 1936 etiam
520 1870 650 1954 plurimi
668 1871 804 1934 editores
819 1871 975 1948 fecerunt,
992 1875 1028 1934 ut
1051 1871 1219 1936 Dacierius
1236 1874 1274 1955 5),

60 2022 62 2055 ;
104 1979 353 2057 Bentl.,-Ritter,
378 1979 499 2055 Keller,
525 1977 666 2053 Wiekh,
690 1976 825 2054 Peerlc.,
850 1977 1046 2055 Schuetzius,
1072 1983 1143 2056 oet,
1169 1983 1201 2043 et
1224 1979 1274 2043 in-

103 2093 148 2153 ter
175 2088 390 2153 Scandinavos
413 2086 571 2170 Buggius,
588 2085 763 2169 Lysander,
788 2085 1087 2171 Haeggstroemius,
1113 2090 1173 2151 cet.
1220 2086 1277 2150 ln·

60 2216 62 2225 ·
104 2198 149 2259 ter
184 2195 359 2260 contrarias
388 2194 549 2277 opiniones
574 2192 704 2270 Gesner,
729 2193 874 2269 Bothius,
900 2191 1048 2270 Orellius,
1072 2192 1109 2256 L.
1135 2192 1278 2258 Mueller

104 2325 211 2384 pacem
231 2323 417 2384 componere
439 2300 543 2364 conati
567 2304 640 2363 sunt
662 2304 837 2363 vertentes:
874 2300 942 2362 sine
967 2300 1066 2375 donis,
1090 2300 1122 2363 h.
1148 2322 1174 2363 e.
1200 2300 1280 2383 quia

104 2431 210 2472 manus
245 2408 367 2470 nullam
390 2430 457 2470 rem
482 2408 648 2483 commisit,
673 2429 771 2489 quare
796 2406 847 2468 dei
864 2406 937 2470 doni
960 2406 1110 2489 placandi
1133 2411 1217 2484 sunt,
1241 2408 1274 2472 h.

105 2537 127 2578 e.
161 2516 323 2579 innocens.
382 2513 597 2578 Verisimilius
624 2513 704 2576 mihi
729 2534 796 2577 esse
819 2513 948 2576 videtur
971 2513 1016 2577 ita
1040 2518 1181 2578 vertere:
1207 2515 1278 2579 sine

104 2622 199 2699 donis,
228 2622 260 2685 h.
290 2644 317 2686 e.
342 2622 418 2704 quia
441 2643 553 2684 manus
576 2620 658 2683 nihil
681 2621 797 2683 donare
821 2623 936 2703 potest,
961 2620 992 2683 h.
1019 2643 1045 2684 e.
1070 2643 1202 2704 pauper,
1227 2622 1274 2684 ita

104 2732 135 2792 ut
154 2729 313 2792 sententia
335 2728 474 2812 strophae
490 2727 560 2791 haec
575 2728 645 2790 fiat:
663 2749 818 2810 pauperes
835 2750 933 2810 quum
949 2727 1140 2804 sacrificant,
1165 2750 1275 2810 sump-

104 2836 253 2899 tuosiores
282 2858 378 2919 quam
401 2858 457 2918 pro
481 2834 689 2898 facultatibus
713 2834 963 2898 sacrificantium
985 2834 1097 2898 hostiae
1122 2834 1189 2897 deis
1212 2855 1276 2896 non

104 2942 240 3025 placent.
779 2938 782 2942 Δ

156 3095 159 3102 -
218 3047 407 3132 Sumptuoso
441 3048 542 3111 hostio
575 3070 632 3131 pro
659 3047 852 3111 nominativo
887 3047 1068 3110 hahuerunt
1102 3046 1208 3110 Bentl.
1242 3050 1277 3109 et

103 3159 170 3236 post
199 3177 272 3218 eum
295 3154 413 3231 lanius,
438 3154 597 3231 Luebker,
622 3154 799 3238 Boettiger,
834 3153 1073 3236 Huepedeuius,
1097 3152 1273 3229 Nauckius,

105 3259 274 3345 Gruppius,
307 3260 372 3325 alii.
420 3260 509 3336 Quod
534 3265 640 3324 autem
664 3261 773 3325 dicunt
796 3259 953 3324 Aaronem
979 3260 1001 3324 dr
1024 3258 1282 3343 Porphyrionem.

211 3490 229 3553 1)
250 3499 298 3554 oui
316 3502 398 3546 totam
417 3502 657 3546 commentationem
676 3501 707 3546 de
725 3501 773 3546 hac
791 3514 841 3546 una
861 3500 908 3545 odo
927 3499 1039 3558 scripsit,
1060 3498 1134 3544 Cellae
1156 3499 1232 3544 1829.

210 3581 229 3642 ²)
249 3589 309 3634 Lex.
330 3589 373 3636 lat.
393 3604 418 3648 p.
441 3592 517 3636 1148.

210 3669 229 3732 ³)
248 3680 312 3724 Exm
341 3691 354 3723 e
382 3680 475 3725 Plauto
500 3682 604 3738 sumpto
627 3679 703 3725 nixus
722 3681 769 3725 est.
808 3679 896 3724 Potuit
915 3680 1001 3724 autem
1019 3678 1107 3737 ipsum
1126 3678 1275 3723 Ciceronem

103 3769 202 3813 afferre:
231 3769 314 3814 virtus
342 3782 392 3813 non
421 3770 461 3814 est
488 3768 626 3814 inhumana
653 3781 735 3827 neque
763 3768 883 3814 immunis
895 3765 1027 3825 dhjertliis,
1048 3763 1171 3826 sJ'elfvisk)
1190 3778 1276 3823 neque

104 3857 222 3916 superba.

210 3937 229 3999 ⁴)
252 3948 339 4002 „Kann
366 3947 437 3992 nicht
465 3947 634 4004 geschenklos
662 3941 791 4002 heissen“;
819 3945 865 3991 wie
883 3946 1002 3991 verdreht
1026 3945 1080 3991 und
1102 3945 1273 3991 vorschroben

102 4035 165 4080 ultre
185 4035 251 4080 daun
271 4035 316 4080 der
335 4031 422 4080 Satzl“

212 4113 229 4177 ⁶)
252 4125 304 4181 ,Ne
322 4126 385 4183 peut
403 4125 494 4182 iamais
514 4125 626 4183 signifier
644 4125 785 4179 innocente,
805 4138 863 4183 pur,
882 4124 947 4170 mais
965 4119 1067 4170 vuide“.
