2766 4590
652 107 825 167 ‚24-

709 376 777 475 X

261 606 330 670 Hoc
347 629 475 670 carmen
490 609 579 669 tanto
598 628 691 689 opere
707 605 872 668 laudatum
887 604 1033 687 tantique
1049 607 1182 687 propter
1194 603 1318 688 elegan-

154 713 232 776 tiam
256 713 491 797 iuvenilemque
516 713 716 777 alacritatem
739 712 932 775 aestimatum
957 710 1081 794 Gruppi
1097 709 1215 786 Aeaea
1237 731 1318 773 seve·

154 820 276 883 rissimo
301 818 377 884 Orci
400 821 516 896 iudice,
533 821 600 883 sine
617 820 682 883 ulla
697 818 914 883 misericordia
931 818 1116 881 damnatum
1133 821 1182 880 est
1196 817 1231 879 in
1247 839 1319 898 cap,

155 927 237 1011 quod
272 927 458 991 inscribitur
492 927 611 1011 Lydia,
646 948 745 1011 pagg.
782 927 968 989 524-530.
1027 924 1132 1000 Quum
1166 924 1227 988 hoc
1260 923 1321 987 loco

155 1034 315 1118 specimen
350 1035 505 1099 universae
536 1035 655 1098 criticae
679 1034 810 1098 rationis
833 1055 898 1117 suae
923 1032 1056 1107 dederit,
1079 1031 1167 1095 haud
1190 1031 1323 1094 alienum

156 1142 217 1205 erit
204 1142 322 1205 thane
345 1165 413 1204 rem
436 1140 543 1225 paullo
560 1141 715 1224 copiosius
733 1142 836 1204 discut
838 1163 900 1204 ere.
942 1139 1065 1214 Quasi
1056 1161 1090 1201 ιιι
1105 1143 1188 1222 praet
1174 1137 1321 1202 tereundo

157 1250 234 1313 dicit
220 1253 331 1312 tnon
365 1271 456 1332 posse
485 1249 630 1325 fierint
594 1270 786 1313 ucarmen
811 1248 851 1311 ab
874 1247 988 1310 Horat
964 1251 1008 1310 ιιο
1033 1246 1247 1329 scriptumet
1233 1244 1323 1308 thoc

155 1357 223 1420 loco
246 1356 378 1419 colloca
364 1360 433 1418 um
456 1356 508 1418 sit.
556 1355 692 1430 Quum
683 1379 717 1419 ιιι
740 1355 882 1439 proxima
908 1355 964 1418 ode
981 1377 1053 1417 cum
1069 1352 1173 1436 Lydia
1189 1375 1247 1415 sua
1263 1356 1324 1414 tam

157 1462 239 1528 belle
263 1463 296 1525 in
320 1463 459 1546 gratiam
482 1463 623 1541 redierit,
647 1485 709 1527 non
730 1484 822 1546 posse
838 1461 922 1527 illico
941 1483 1047 1524 amore
1063 1460 1165 1543 Lycos
1183 1459 1330 1542 deperire

157 1574 189 1634 et
224 1570 314 1652 queri
349 1593 382 1634 se
417 1571 570 1634 stridente
606 1570 752 1652 aquilone
786 1568 967 1652 pluviisque
1002 1567 1219 1650 strepentibus
1257 1569 1327 1629 ante

156 1676 254 1740 limen
289 1677 356 1740 eius
391 1682 572 1761 porrectum
607 1677 728 1741 confici.
781 1675 916 1740 Carmen
951 1674 1052 1758 igitur
1080 1673 1227 1756 spurium
1252 1694 1330 1736 esse.

157 1781 238 1846 Tum
273 1784 437 1867 quaeritur,
474 1785 626 1867 quomodo
662 1787 765 1847 ortum
794 1804 912 1865 curque
940 1781 993 1844 hic
1016 1781 1156 1865 positum
1179 1780 1231 1843 sit.
1279 1779 1330 1843 Ad

157 1890 239 1954 hanc
268 1891 396 1973 quidem
425 1891 632 1973 quaestionem
655 1891 845 1973 respondere
870 1888 998 1952 difficile
1021 1888 1148 1951 videtur
1173 1909 1252 1963 esse,
1277 1887 1332 1950 scd

159 2001 252 2060 acuta
281 1997 405 2081 Grnppi
428 2020 517 2061 mens
540 1997 630 2060 filum
653 1997 811 2060 Ariadnes
834 1996 956 2059 invenit
979 2017 1040 2078 quo
1064 1995 1178 2057 ductus
1203 1993 1332 2056 efalla-

157 2104 247 2167 cibus
275 2103 416 2187 labyrint
403 2104 451 2167 thi
480 2104 639 2167 erroribus
664 2102 774 2167 evasit.
751 2103 924 2186 tLydia
947 2103 981 2165 in
1005 2105 1155 2184 quattuor
1179 2100 1332 2164 carmini-

156 2209 217 2272 bus
250 2210 392 2273 nominat
393 2233 441 2287 ιιι,
476 2209 501 2274 I:
539 2211 569 2287 8
600 2212 651 2288 13,
682 2212 735 2288 25,
759 2209 817 2274 Ill:
844 2213 874 2287 9,
898 2232 969 2293 quae
995 2208 1157 2292 Gruppius
1182 2208 1335 2291 opinatur

157 2315 235 2380 Hor:
238 2317 354 2380 nmita
321 2317 594 2394 tordinasse,t
558 2341 580 2379 ιι
581 2318 759 2381 tcontinua
775 2318 885 2382 fabula
898 2317 1052 2380 amatoria
1063 2316 1187 2379 fierent.
1213 2314 1336 2379 Diver-

158 2445 208 2486 sos
232 2424 346 2487 amoris
370 2425 489 2508 gradus
506 2425 625 2507 exponi.
665 2424 809 2488 Primum
825 2447 964 2488 amorem
980 2426 1176 2488 crescentem
1193 2422 1336 2486 describi

158 2529 191 2593 in
214 2528 239 2593 I:
265 2531 284 2593 8
310 2530 332 2592 ιι
358 2532 408 2605 13,
434 2531 547 2594 deinde
571 2553 711 2594 amorem
734 2532 893 2595 divulsum
915 2529 997 2593 inl:
1020 2530 1073 2606 25,
1097 2528 1336 2593 reconciliatio-

157 2658 232 2700 nem
255 2637 391 2720 denique
415 2637 448 2700 in
471 2636 529 2701 Ill:
555 2639 585 2700 9.
632 2636 682 2700 lta
706 2638 847 2701 carmina
870 2638 926 2701 illa
950 2659 1004 2700 suo
1020 2636 1087 2699 loco
1105 2657 1184 2713 esse,
1208 2658 1335 2719 nosque

159 2743 397 2827 dispositionem
424 2745 527 2827 ipsam
551 2744 641 2827 quasi
667 2745 806 2808 obsidem
830 2745 950 2808 habere
975 2743 1116 2807 carmina
1139 2742 1257 2806 Horati
1280 2744 1335 2826 ip-

160 2851 224 2913 sius
248 2873 344 2913 manu
369 2872 437 2914 esse
461 2851 633 2934 scriptas).

265 2956 376 3021 Nihilo
399 2957 503 3021 minus
520 2958 623 3022 eidem
640 2958 782 3041 Gruppio
800 2956 963 3022 carmenl:
978 2959 1019 3020 25
1034 2956 1192 3040 displicet.
1217 2954 1337 3038 ltaque

66 3070 69 3075 '
159 3063 305 3146 spurium
330 3086 397 3127 esse
421 3068 524 3147 putat.
572 3064 710 3140 Quod
685 3087 712 3127 s1
735 3065 794 3128 hoc
812 3076 940 3128 carmen
955 3087 1008 3127 sus
1010 3062 1131 3140 utleria
1148 3062 1262 3125 fabula
1278 3063 1338 3125 illa

160 3173 246 3232 amat
248 3169 313 3233 oria
349 3170 465 3234 lacuna
493 3172 608 3235 affecta
633 3171 703 3234 erit.
680 3171 850 3234 tNulla
875 3172 960 3235 enim
982 3170 1195 3253 perspicietur
1218 3191 1335 3232 recon-

160 3276 330 3339 ciliatt1onis
355 3299 450 3340 causa
473 3278 507 3340 in
531 3279 579 3341 od.
604 3276 662 3341 HI:
689 3280 719 3354 9,
744 3300 842 3361 quum
857 3278 945 3341 nulla
962 3277 1160 3341 discordia
1136 3280 1178 3339 s1t
1195 3299 1342 3340 comme·

159 3386 292 3446 morata.
339 3383 433 3447 Hanc
468 3385 582 3448 rimam
605 3389 699 3468 putat
650 3385 777 3449 tatGr.
804 3385 880 3448 duos
905 3389 1104 3468 corruptores
1129 3382 1255 3465 explere
1282 3405 1341 3446 co

159 3492 249 3551 natos
277 3511 355 3566 esse,
385 3513 518 3573 quorum
547 3490 591 3554 alt
578 3495 628 3555 ter
656 3497 726 3555 astu
728 3493 774 3556 tia
728 3492 879 3556 tmalo
902 3492 1030 3554 numine
1054 3491 1152 3574 digna
1175 3512 1252 3552 usus
1278 3493 1339 3552 est.

160 3594 253 3658 Prior
278 3596 362 3659 eninr
386 3621 494 3661 eorum
517 3604 637 3681 praeter
660 3600 798 3682 primam
821 3598 984 3682 stropham
1008 3601 1108 3660 totum
1131 3618 1260 3660 carmen
1276 3595 1339 3659 lll:

162 3702 202 3766 10
227 3701 355 3786 scripsit
378 3709 410 3768 et
432 3705 479 3770 ibi
501 3705 568 3769 fere
592 3707 707 3789 posuit,
731 3707 786 3770 ubi
809 3727 892 3769 nunc
916 3728 942 3769 c.
966 3703 992 3767 l:
1017 3706 1058 3768 25
1082 3703 1248 3780 habemus,
1266 3725 1340 3786 quo,

236 3953 253 4015 ¹]
284 3962 362 4017 „Eine
390 3963 552 4020 Br'irgschaft,
583 3963 643 4008 dass
670 3963 715 4007 wir
744 3964 814 4008 diese
843 3962 909 4008 oden
942 3962 968 4007 in
993 3961 1139 4018 dcrjenigen
1157 3960 1236 4018 Fulge
1254 3961 1342 4006 haben

161 4051 253 4129 welche
272 4051 318 4096 auf
334 4051 374 4096 ‹lio
394 4052 521 4096 intention
540 4051 593 4096 und
613 4051 653 4095 die
670 4051 745 4096 Hand
764 4051 809 4096 des
828 4051 948 4096 Dichters
967 4043 1109 4096 verweist.“
