2766 4590
157 358 269 420 eodem
303 359 393 421 modo
429 359 654 443 interpretatos
690 382 769 438 esse,
804 361 909 425 nescio
938 385 978 425 an
1007 363 1100 426 valde
1124 363 1167 426 sit
1191 365 1333 444 dubium,

157 486 234 527 num
261 464 447 528 scholiastas
475 470 561 529 recte
589 465 812 531 intellexerint.
860 466 897 531 ln
921 468 1056 532 Acronis
1069 469 1199 533 scholiis
1213 471 1333 536 adh.l.
1374 466 1381 519 ·!

157 571 228 635 haec
263 576 414 635 annotata
448 578 535 636 suut:
560 572 593 637 Si
617 596 730 636 manus
758 574 907 638 immunis
931 575 1088 639 scelernm
1110 577 1223 662 tetigit
1247 601 1335 642 aram

156 682 342 761 sumptuosa
376 678 480 742 hostia
514 702 576 742 non
610 680 746 744 mollivit
781 703 906 745 aversos
941 687 1071 763 penates
1106 683 1256 748 blandior
1283 686 1334 769 pio
1378 698 1381 705 '

157 784 244 848 farre
269 788 301 847 et
324 785 458 849 saliente
480 786 573 850 mica.
621 786 829 870 Perspicuum
856 788 909 852 hio
934 794 991 865 est,
1021 789 1054 851 in
1077 790 1335 874 interpunctione

157 895 265 955 nostra
300 893 340 955 ab
375 891 500 956 Acrone
535 915 596 956 non
631 898 785 977 usurpata
819 895 957 978 positum
992 918 1060 959 esse
1089 895 1227 977 (comma
1251 898 1336 962 enim

157 1006 213 1065 aut
243 1003 315 1064 ante
343 1001 443 1064 verba
467 1008 647 1084 sronptaosa
670 1001 771 1064 hostia
795 1007 851 1065 ant
877 1005 949 1086 post
973 1025 1010 1065 ea
1033 1003 1239 1067 scribendum
1263 1006 1335 1088 est),

159 1113 268 1172 utrum
291 1129 315 1171 s.
339 1107 369 1168 la
402 1107 545 1170 subiecta
569 1107 632 1170 sint
656 1109 751 1171 verbo
774 1108 920 1185 mollivit,
945 1132 985 1172 an
1009 1109 1042 1172 in
1066 1110 1156 1174 abl-o
1180 1133 1256 1174 casu
1273 1112 1336 1176 sint

160 1216 255 1279 etad
279 1215 458 1277 subiectum
482 1235 595 1276 nicoma·
618 1214 811 1297 pertineant.
858 1214 1086 1299 Porphyrionis
1110 1219 1274 1282 annotatio
1291 1219 1336 1282 ita

157 1322 224 1407 legi
258 1323 351 1386 solet:
387 1320 575 1384 nominativi
610 1344 699 1384 casus
723 1326 797 1384 sunt
819 1344 843 1384 s.
875 1322 915 1404 la,
952 1323 1027 1406 quia
1050 1346 1160 1386 sensus
1185 1329 1247 1388 est:
1274 1348 1336 1389 non

157 1429 302 1494 blandior
337 1428 397 1491 diis
432 1452 456 1489 a.
492 1428 521 1490 lt.
558 1450 654 1510 quani
685 1451 807 1505 manus,
843 1451 914 1512 quae
945 1429 1030 1493 farre
1054 1431 1224 1495 sacrificat.
1272 1432 1335 1497 Hic

157 1537 262 1600 hostia
292 1540 324 1598 et
352 1558 464 1598 manns
488 1536 572 1598 inter
596 1558 629 1598 se
654 1539 886 1618 comparantur,
912 1558 983 1619 qnae
1011 1539 1224 1621 „comparatio
1248 1562 1335 1603 com·

159 1643 345 1728 pendiaria“
374 1665 478 1724 neque
502 1642 535 1704 in
559 1641 674 1705 Horati
698 1643 803 1706 verbis
827 1644 910 1706 inest
933 1665 1036 1726 neque
1057 1644 1271 1728 Porphyrioui
1289 1653 1336 1710 est

160 1750 367 1815 obtrudenda.
415 1749 477 1812 Sed
513 1749 608 1812 codex
642 1749 717 1811 noni
750 1749 802 1812 vel
826 1749 941 1813 decimi
969 1751 1078 1814 saeculi
1105 1750 1336 1835 Porphyrionis

158 1858 279 1922 scholia
314 1855 477 1920 continens
506 1855 604 1918 habet
629 1877 690 1918 aon
712 1858 898 1918 nominativi
920 1879 1011 1919 cuuis
1034 1866 1116 1939 serrat,
1142 1881 1214 1941 quae
1238 1859 1335 1924 lectio

158 1965 292 2048 probata
328 1967 376 2026 est
410 1961 584 2025 Havthalio
621 1966 652 2025 et
686 1962 826 2045 Meyero‚
867 1963 921 2045 qui
960 1964 1049 2027 facili
1087 1967 1336 2049 transpositione

158 2093 272 2135 aturrus
299 2092 393 2154 parrana
422 2091 478 2152 pro
503 2090 596 2152 patrita
619 2091 733 2132 arcemus
756 2070 952 2152 scripserant
976 2075 1008 2133 et
1031 2071 1156 2154 legunt:
1194 2095 1258 2135 noa
1281 2095 1336 2137 ooo-

158 2179 304 2241 ana'notioi
326 2197 417 2239 ousae
440 2182 523 2250 serrat,
540 2177 615 2258 (yreia
631 2196 738 2238 sensas
754 2182 812 2237 est:
835 2197 896 2238 arou
912 2175 1057 2238 blandior
1072 2182 1255 2261 sarrrcptaosd
1278 2181 1334 2244 to-

158 2287 223 2347 aare
253 2304 376 2363 arcuatae,
412 2303 505 2367 perum
538 2303 607 2366 poro*
641 2282 731 2363 fumo
765 2282 932 2363 scrrrijt'cot,
968 2280 1028 2346 ubi
1052 2305 1076 2346 s.
1107 2284 1136 2345 lx.
1162 2291 1275 2368 aperte
1300 2288 1334 2351 in

159 2390 298 2454 ablativo
332 2393 416 2452 sunt.
463 2388 617 2452 Videmus
641 2389 752 2472 igitur,
776 2389 810 2451 in
834 2389 1066 2453 dubitationem
1089 2391 1203 2454 saltem
1227 2395 1336 2458 vocari

157 2521 259 2581 posse,
295 2519 356 2580 quo
391 2497 482 2559 modo
518 2495 696 2559 scholiastae
725 2518 793 2558 rem
823 2495 1060 2579 explicaverint,
1096 2497 1141 2559 ita
1164 2502 1201 2560 ut
1225 2522 1337 2564 eorum

159 2606 332 2669 auctoritas
355 2603 416 2666 hac
440 2603 473 2665 in
496 2625 530 2665 re
554 2602 642 2665 nulla
665 2603 716 2666 sit.

266 2710 381 2794 Neque
405 2710 531 2773 Bentlei
556 2710 779 2773 auctoritatem
802 2712 894 2774 credo
920 2711 986 2774 eius
1011 2712 1209 2794 aliorumque
1234 2713 1335 2777 inter·

158 2819 372 2902 pretationem
396 2839 497 2899 nuper
521 2822 799 2881 commemoratam
812 2818 991 2881 defendero.
1039 2818 1158 2881 Notum
1172 2822 1221 2882 est
1237 2819 1272 2884 in
1285 2821 1333 2883 al-

160 2926 255 2989 caicis
279 2924 555 3006 hendecasyllabis
579 2924 724 3006 quintam
748 2923 906 3007 syllabam
928 2923 1027 2987 fuisse
1051 2925 1226 3008 ancipitem
1249 2927 1336 3010 apud

159 3033 282 3096 aeolicos
319 3036 351 3094 et
386 3030 555 3094 Catullum.
603 3030 700 3113 Apud
734 3030 905 3094 Horatium
937 3035 1044 3095 autem
1079 3053 1206 3114 semper
1238 3032 1337 3118 longa

158 3139 258 3220 est1).
306 3138 392 3222 Ergo
427 3160 452 3200 s,
487 3138 517 3200 la.
553 3138 586 3200 in
615 3137 677 3200 abl.
708 3137 781 3214 sint,
815 3160 944 3201 necesse
968 3142 1026 3201 cst.
1072 3137 1124 3201 Ne
1147 3139 1181 3202 id
1205 3140 1337 3231 quidem

158 3246 227 3309 iure
262 3250 371 3310 contra
406 3246 470 3308 dici
504 3249 619 3328 potest,
655 3249 848 3328 postremam
871 3244 1029 3328 syllabam
1058 3246 1206 3309 vocabuli
1229 3268 1336 3331 sarrap-

158 3361 247 3416 taosu
281 3353 436 3436 positione
472 3353 601 3436 longam
635 3352 706 3415 fieri
742 3356 814 3414 ante
843 3352 996 3433 blumlior,
1026 3375 1110 3430 nam,
1135 3357 1171 3415 ut
1196 3356 1337 3419 ostendit

158 3459 352 3537 Lenhoffius,
389 3464 462 3522 ante
496 3459 606 3522 literas
636 3459 665 3521 bl
699 3459 781 3522 nihil
816 3460 901 3542 apud
924 3458 1094 3522 Horatium
1116 3461 1275 3543 positione
1299 3463 1337 3525 fit

156 3567 288 3651 longum
305 3568 341 3649 2).
390 3566 479 3642 Quod
514 3567 541 3629 si
575 3588 599 3629 a.
635 3567 665 3630 t.
701 3567 734 3629 in
769 3565 832 3629 abl.
869 3571 952 3643 sunt,
988 3568 1086 3630 verba
1112 3567 1203 3648 forre
1230 3571 1285 3652 pio
1309 3578 1337 3633 et

152 3675 286 3737 saliente
314 3677 393 3737 orrico
422 3697 484 3737 non
512 3678 645 3757 possunt
667 3697 724 3756 pro
749 3673 811 3736 abl.
837 3674 1081 3757 comparationis
1104 3674 1228 3752 haberi,
1253 3698 1336 3759 qua·

158 3782 301 3844 mobrem
336 3782 489 3864 cogimur,
525 3786 561 3843 ut
589 3781 628 3843 ad
657 3781 899 3865 explicationem
922 3804 941 3844 a
964 3781 1120 3845 Lambino
1145 3783 1255 3846 datam
1277 3807 1335 3848 nos

1375 292 1381 461 l

270 4030 286 4093 ¹)
307 4041 356 4085 Cfr.
377 4040 406 4085 L.
426 4039 540 4085 Mueller.
562 4040 592 4084 do
611 4052 638 4084 re
657 4053 700 4093 m,
719 4040 809 4086 Waltz.
829 4053 854 4098 p.
877 4040 935 4086 151.

269 4119 287 4182 Ξ)
306 4130 370 4175 Vide
389 4130 436 4175 III:
457 4130 481 4183 4,
503 4131 543 4184 50,
564 4130 611 4175 III:
633 4132 656 4184 6,
678 4130 719 4183 19,
739 4130 786 4175 III:
809 4131 849 4184 11,
871 4132 894 4176 9.
