2766 4590
56 157 149 221 inser.
174 157 312 234 Aeacus,
341 177 416 240 pag.
441 157 495 232 35,
529 155 789 239 interpolationes
812 155 976 219 universas
999 177 1118 239 magna
1142 154 1233 218 calli-

55 265 156 327 ditate
193 267 225 326 et
260 263 378 326 astutia
413 260 508 343 („mit
531 262 694 326 schlauem
723 260 837 344 Sinn“)
866 284 934 325 esse
958 262 1060 326 factas
1085 263 1173 339 dicit,
1197 267 1234 325 ut

55 371 209 434 sermonis
244 371 323 434 vitia
357 392 421 433 non
456 370 520 432 sint
549 370 753 452 expectanda,
788 369 906 432 nedum
929 392 1036 452 pravae
1067 370 1235 433 sententiae

54 477 219 559 („Unsinn
255 478 310 540 des
344 475 534 560 Inhaltes“),
571 476 656 539 idem
690 480 798 539 tamen
832 476 1119 539 innumerabilibus
1142 499 1234 560 paene

54 586 160 649 dicam
189 583 267 648 locis
294 583 416 646 nullam
445 583 655 647 calliditatem
683 605 787 666 neque
811 584 927 646 bonam
950 583 1152 661 sententiam,
1176 585 1232 647 sed

54 692 160 755 omnia
184 713 346 774 perversa,
372 690 520 759 absurda.
545 690 655 773 inepta
678 690 766 754 videt
789 689 999 774 (blddsinnig,
1025 691 1147 768 albara,
1171 714 1231 753 un-

55 798 175 881 sinnig,
211 797 373 873 vendreht
413 795 566 873 tho'richt,
602 797 788 875 lacherlich‚
814 798 899 880 cet).
946 796 1103 881 Magnum
1127 797 1235 861 convi-

55 905 178 968 ciorum
207 926 355 968 acervum
380 926 397 967 e
420 903 511 967 libris
537 904 603 967 eius
628 903 825 988 aliorumque
849 904 1135 988 hypercriticorum
1159 926 1234 968 con-

55 1033 169 1096 gerere
205 1011 335 1094 poteris.
382 1008 491 1092 Atque
526 1009 579 1074 hic
608 1011 736 1074 veniam
758 1011 888 1094 petendi
912 1011 998 1074 locus
1024 1015 1082 1087 est,
1106 1011 1133 1074 si
1157 1011 1235 1093 quid

52 1140 112 1202 pro
136 1118 275 1181 Horatio
300 1118 408 1180 dicens
433 1117 576 1200 asperius
601 1117 780 1200 disputasse
803 1117 922 1186 videor.
948 1118 1031 1200 quod
1055 1119 1189 1181 cumeis
1206 1118 1234 1180 si
1327 1135 1338 1149 ·

58 1224 241 1301 contuleris,
266 1246 338 1306 quae
363 1224 418 1287 alii
442 1231 551 1286 contro
573 1222 747 1286 Horatium
770 1224 926 1301 dixerunt,
950 1224 1033 1287 nihil
1057 1223 1127 1287 erit.
1162 1223 1234 1307 Hy-

58 1331 221 1414 percritiei
246 1330 420 1394 doctissimi
443 1330 573 1393 fuerunt
596 1330 668 1406 viri,
693 1331 748 1394 sed
771 1353 856 1394 sanae
881 1331 982 1394 menti
997 1331 1145 1395 hnmanae
1163 1331 1235 1420 plus

59 1437 264 1502 tribuendum
293 1459 361 1501 esse
390 1437 470 1500 mihi
499 1458 686 1520 persuasum
709 1437 822 1515 habeo,
847 1460 943 1520 quam
968 1438 1107 1501 omnium
1130 1438 1235 1501 homi-

10 1564 12 1569 ·
60 1566 132 1607 num
157 1544 321 1608 doctrinae.
368 1542 466 1607 Orisis
489 1542 667 1619 horatiana,
692 1544 719 1606 si
736 1543 996 1627 interpolationes
1012 1544 1129 1608 multas
1145 1545 1234 1620 istas,

62 1672 128 1734 quae
164 1652 269 1714 inesse
305 1650 487 1726 creduntur,
523 1653 657 1733 spectes,
692 1650 814 1713 homini
841 1654 913 1733 post
935 1651 1069 1714 nimium
1093 1651 1235 1715 laborem

66 1757 233 1834 „exhausta
257 1757 381 1820 utiliter
404 1756 568 1839 quaerendi
592 1757 744 1820 materia“
773 1757 896 1821 insueto
921 1757 984 1822 otio
1008 1757 1185 1821 senescenti
1203 1761 1238 1820 et

65 1864 232 1949 egrotanti
255 1863 368 1926 similis
393 1866 450 1926 est.
497 1862 550 1925 Ad
572 1862 672 1926 vitam
695 1865 935 1927 sustentandam
956 1864 1235 1947 valetudinemque

63 1971 288 2034 restituendam
317 1992 430 2054 aspera
456 1969 598 2033 remedia
625 1970 807 2033 adhibenda
835 1975 918 2034 sunt.
970 1971 1145 2034 Multorum
1176 1994 1233 2033 au·
1258 1972 1261 1977 ’

64 2079 123 2140 tem
147 2081 180 2140 et
194 2077 472 2141 celeberrimorum
487 2075 721 2160 philologorum
737 2100 804 2140 mos
821 2081 878 2152 est,
895 2081 931 2140 ut
947 2078 1235 2160 hypercriticorum
1289 2156 1295 2171 ,

62 2184 275 2248 temeritatem
313 2183 505 2247 refutatione
544 2181 711 2266 indignam
744 2183 895 2247 habeant.
954 2183 1016 2247 Sed
1051 2183 1109 2246 tali
1143 2184 1235 2246 modo

65 2289 225 2354 doctorum
248 2291 388 2354 virorum
412 2289 590 2372 opinionem
614 2289 740 2353 silentio
765 2291 898 2354 obruere
923 2295 955 2354 et
979 2290 1157 2373 opprimere
1173 2313 1235 2353 non

28 2413 30 2418 ’
62 2395 146 2461 licet.
194 2397 256 2473 Qui
283 2397 459 2460 rationibus
487 2400 644 2478 pugnant,
672 2397 850 2461 rationibus
879 2401 911 2460 et
939 2397 1136 2482 argumentis
1164 2397 1236 2459 vin-

60 2505 153 2568 cendi
177 2508 261 2567 sunt.
