2766 4590
609 190 780 250 ,43-

105 376 215 432 tamen
249 369 450 454 temporibus
484 390 551 430 mos
579 367 641 429 fuit
665 366 828 429 horninum
851 372 888 428 ut
913 389 1023 429 eorum
1047 366 1134 429 riam
1156 365 1262 429 floribus

107 477 261 560 foliisque
289 480 538 539 eonsterrrerent.
563 498 640 557 quos
665 474 781 536 honore
806 474 933 536 afficere
957 472 1089 536 vellent.
1137 473 1264 541 Chariton

109 608 141 667 p.
167 585 207 647 7?
232 584 337 666 Lips:
362 578 391 643 oi
415 586 469 664 μὲν
494 576 605 663 ῥόδοις.
630 576 659 640 οἱ
683 579 716 640 δὲ
741 574 843 650 αὐτοῖς
861 582 1021 664 orepavor:
1038 576 1263 664 ἐφυλλοβόλῃσαν

107 686 227 761 αὐτοῦς.
275 691 403 753 Addere
438 688 508 752 vola
543 688 660 751 Matth.
697 688 756 750 Er,
792 685 880 751 XXI.
916 689 950 750 8:
989 684 1081 747 ἄλλοι
1106 685 1138 747 δὲ
1162 684 1264 746 ἔκοπτον

102 797 242 867 altalon:
265 793 325 857 ἀπὸ
349 805 404 857 τῶν
430 795 568 876 δένδρων,
591 796 644 855 καὶ
669 791 848 875 impetamur
873 814 903 854 εν
921 802 956 875 τῇ,
974 789 1045 874 ὁδῷ.
1092 797 1169 868 Quae
1190 811 1267 875 quum

105 906 151 967 ita
186 906 262 981 sint,
298 904 370 987 quis
405 908 509 987 poetae
544 903 736 965 interdicere
771 905 887 984 potest.
922 923 963 963 ne
991 901 1096 984 fingat
1120 901 1226 964 silvam
1244 897 1270 959 in

104 1010 211 1075 Fauni
235 1011 386 1074 honorem
409 1011 485 1073 tolia
510 1014 668 1081 excutere,
693 1009 810 1092 quibus
834 1008 1007 1092 migrantis
1032 1007 1084 1070 dei
1109 1007 1172 1070 iter
1193 1026 1269 1088 spar-

102 1123 181 1202 gat?
209 1117 309 1182 Immo
333 1119 459 1201 poetica
481 1117 642 1201 elegantia
659 1122 707 1180 est
724 1118 764 1179 ab
781 1116 1002 1199 imperitorum
1018 1113 1276 1197 interpolatorum

110 1225 333 1309 intellegentia
358 1247 515 1308 sensuque
540 1225 691 1288 diiuncta.

433 1355 534 1401 (laudet
555 1356 663 1400 invisam
681 1356 814 1414 populisse
833 1356 927 1400 fossor.

215 1458 338 1521 l'eerlo.
375 1480 482 1521 vocem
517 1458 650 1519 irenaeum
686 1479 808 1519 nnirose
832 1458 1055 1540 reprehendit,
1081 1483 1180 1543 (luam
1202 1472 1276 1552 puta

102 1590 171 1631 esse
212 1565 400 1643 „ridiculum
435 1564 628 1646 epithetorr,“
669 1563 724 1625 sed
748 1562 822 1625 talis
847 1570 895 1628 est
922 1566 1093 1634 horatiana
1115 1596 1218 1652 musa,
1241 1581 1274 1639 ut

79 1692 212 1738 'severa
237 1695 362 1756 quoque
386 1672 519 1735 ridentis
543 1671 665 1734 vultum
690 1693 751 1733 non
768 1672 845 1733 satis
862 1673 1020 1756 deponere
1036 1677 1149 1743 soleat.
1187 1682 1273 1757 Quod

102 1780 157 1845 alii
182 1779 368 1857 attulerunt,
393 1801 537 1842 romanos
561 1801 622 1840 non
647 1778 761 1840 dixisse
779 1779 895 1861 pellere
923 1788 1051 1865 terram,
1076 1788 1133 1850 sed
1143 1790 1275 1871 pulsare

100 1910 126 1952 s.
151 1896 276 1972 proritare
300 1895 417 1950 terram
439 1885 534 1949 facile
558 1885 717 1948 refutatur
742 1884 903 1968 exemplis,
933 1888 1049 1954 Catull.
1075 1892 1182 1958 Carni.
1200 1895 1274 1960 LXI

99 1997 182 2079 pella
204 1996 332 2057 laninam
355 1993 494 2078 pedibas,
519 1991 638 2055 Lueret
661 1991 702 2068 V,
730 1994 812 2055 1041
839 1994 919 2056 droa
943 2004 1058 2060 terrum
1081 2002 1160 2083 pede
1170 2004 1276 2086 palleo

104 2109 247 2164 ariadnam.

479 2213 529 2256 Ter
547 2212 612 2270 podo
631 2214 734 2258 terram.

210 2331 364 2396 Peerlo:io
399 2353 460 2393 non
495 2330 601 2414 placet
629 2331 709 2394 illud
731 2333 811 2415 pede
846 2333 1009 2411 sicunde,
1035 2336 1104 2400 sine
1130 2339 1273 2422 epitheto

105 2439 254 2522 positum,
290 2440 346 2502 sed
382 2439 458 2501 adeo
495 2438 646 2501 condidus
682 2442 739 2514 est,
775 2442 811 2501 ut
846 2440 915 2522 ipse
939 2442 1001 2504 tria
1026 2465 1072 2506 ex.
1099 2445 1226 2523 afferat,
1251 2448 1276 2510 in

103 2547 220 2630 quibus
239 2547 317 2629 pedo
342 2546 523 2629 etpedibus
548 2546 657 2608 eodem
680 2569 809 2629 prorsus
833 2548 923 2610 modo
948 2549 1016 2612 sine
1034 2551 1178 2634 epitheto
1196 2559 1276 2618 sunt

211 2655 317 2729 Quum
340 2658 448 2717 eontra
471 2654 554 2716 hano
578 2653 743 2735 stropham
765 2653 844 2717 talia
867 2658 1085 2721 tantummodo
1104 2659 1276 2725 afferantur

101 2761 288 2838 infirmiora,
325 2783 422 2842 quam
445 2783 516 2844 quae
541 2759 690 2843 cuiquam
714 2761 844 2843 probari
868 2763 1000 2845 possint,
1026 2787 1118 2847 spero
1142 2765 1222 2846 fore,
1250 2780 1276 2830 ut

101 2890 192 2931 nemo
218 2868 386 2931 addubitet
410 2891 480 2931 eam
504 2890 690 2952 germanam
714 2868 844 2932 habere.

617 3441 766 3539 XIX.

209 3667 313 3731 Multa
342 3672 374 3731 et
400 3668 491 3732 varia
516 3668 554 3730 de
577 3667 637 3731 hoo
661 3668 801 3731 carmine
825 3669 946 3753 scripta
969 3674 1053 3747 sunt,
1077 3694 1154 3733 narn
1178 3673 1276 3737 multa

101 3776 219 3852 insunt,
256 3798 327 3859 quae
361 3775 408 3838 ita
437 3774 588 3857 explioari
611 3797 673 3838 non
696 3779 837 3858 possunt,
862 3780 898 3838 ut
922 3777 1066 3840 omnibus
1090 3779 1276 3861 probentur⁴

101 3882 282 3958 Nescimus
309 3905 370 3964 quo
394 3886 536 3965 tempore
560 3881 715 3965 scriptum
739 3882 791 3959 sit,
816 3883 947 3966 quinam
970 3883 1090 3947 luerint
1114 3883 1276 3969 Telephus

102 3993 134 4051 et
157 3987 302 4071 Murena,
335 3988 411 4072 qnid
440 3989 502 4052 sibi
525 3988 625 4052 velint
655 3990 754 4054 verba
777 3991 877 4052 tribus
901 3997 957 4053 out
980 4012 1085 4054 aonam
1108 3994 1276 4057 rotarentur

100 4096 221 4179 spathis
234 4096 348 4179 panida
364 4096 530 4158 eorornodis
547 4133 588 4141 —
603 4132 643 4140 —
662 4103 764 4159 ternos
781 4103 827 4159 ter·
842 4096 968 4180 cyathos
978 4104 1060 4180 petet
1076 4105 1160 4162 nates
1178 4137 1220 4145 —
1235 4138 1276 4147 -
