2804 4582
610 187 783 248 -15,

110 371 150 432 ab
176 370 292 452 aliquo,
322 368 378 452 qui
400 369 538 432 nesciret
561 368 707 432 vertendi
729 368 863 431 verbum
888 368 1052 432 evertendi
1075 366 1285 453 significatio-

109 500 184 540 nem
218 478 347 540 habere.
395 475 457 540 Sed
490 477 599 539 nimiae
635 476 775 540 audaoiae
810 476 891 539 mihi
920 498 988 540 esse
1012 477 1138 540 videtur
1161 481 1304 540 tantum.

110 585 246 648 inscitiae
270 584 403 647 infuisse
428 584 556 647 eredere
573 584 607 646 in
623 583 760 660 homine,
786 584 841 667 qui
857 584 1021 667 stropham
1037 584 1288 667 haudquaquam

110 691 294 754 mendosam
328 691 433 774 potuit
467 691 617 767 seribere,
655 713 725 773 quae
761 691 900 773 antiquis
928 691 1007 773 ipsis
1037 714 1055 753 a
1079 690 1285 755 celeberrimo
1327 724 1329 733 Α

67 854 70 862 ,
111 802 206 882 poeta
229 821 357 871 romano
381 798 502 880 scripta
526 819 593 861 esse
617 798 796 874 videbatur,
821 802 857 860 ut
881 798 1044 881 cognitum
1066 820 1128 860 non
1151 798 1286 861 haberet

111 905 379 989 significationem
413 905 558 969 vertendi
593 905 693 981 verbi,
730 927 801 988 quae
829 927 973 988 persaepe
1003 892 1087 987 apud
1116 905 1287 988 scriptores

103 1003 259 1087 occurrit,
296 1034 429 1094 quorum
457 1011 618 1075 volumina
641 1011 818 1096 legentium
846 1033 905 1074 usu
928 1012 1063 1074 maxime
1087 1013 1284 1088 terebantur,

112 1122 148 1181 ut
183 1119 267 1201 apud
294 1117 406 1202 Verg.‚
443 1116 547 1195 Ovid,
583 1118 669 1195 Tae,
694 1117 770 1193 cie,
800 1123 860 1182 eet.
912 1117 950 1181 ln
972 1118 1138 1202 pulverem
1161 1122 1287 1182 vertere

114 1229 220 1288 autem
245 1249 280 1289 ex
304 1226 463 1290 homerico
487 1226 583 1290 verbo
608 1222 776 1308 &pedorem
801 1248 986 1289 conversum
1011 1229 1059 1289 est
1087 1222 1111 1306 )

220 1333 329 1395 Aliam
365 1355 420 1396 our
456 1333 573 1396 eiceret
608 1355 736 1396 eausam
770 1332 907 1396 Mueller
942 1333 1050 1395 attulit
1076 1332 1207 1409 nullam,
1232 1333 1303 1411 sedx

114 1439 269 1522 suspicari
303 1440 379 1503 lieet
414 1440 517 1503 animo
555 1440 621 1503 eius
651 1441 817 1504 obversata
842 1462 909 1503 esse
934 1462 981 1517 ea,
1006 1462 1077 1523 quae
1100 1439 1222 1503 Peerle.
1248 1441 1288 1503 ad

113 1546 145 1609 h.
182 1546 202 1609 l.
239 1547 412 1623 annotavit,
449 1568 584 1629 quaeque
619 1547 719 1630 primo
757 1551 888 1630 aspectu
917 1547 1001 1610 iusta
1031 1569 1098 1610 esse
1127 1546 1286 1609 videntur.

120 1652 201 1731 „Cur
224 1651 335 1729 luno“‚
371 1653 485 1736 inquit,
516 1654 732 1737 „potissimum
756 1657 788 1717 et
811 1653 958 1717 Minerva
981 1654 1126 1716 fraudem
1150 1654 1287 1716 Laome-

116 1761 218 1823 dontis
243 1761 462 1823 detestantur?
497 1758 618 1823 Iniuria
642 1761 826 1844 pertinebat
850 1761 890 1823 ad
913 1759 1096 1843 Apollinem
1112 1764 1144 1823 et
1159 1759 1287 1843 Neptu-

115 1869 223 1930 num¹‘.
270 1866 413 1929 Primum
449 1867 589 1930 omnium
624 1867 770 1950 equidem
806 1890 877 1931 oum
911 1866 1129 1951 Porphyrione
1154 1867 1289 1950 aliisque

122 1972 281 2036 nonnullis
321 1973 412 2037 oredo
453 1974 531 2036 mihi
569 1975 753 2037 deonantum
792 1973 830 2055 (s.
871 1976 1062 2056 domnotoni,
1101 1978 1137 2036 ut
1171 1974 1288 2051 Bentl.‚

116 2080 259 2156 Laehm.‚
283 2080 474 2158 Meinekius‚
498 2080 670 2165 Hauptius‚
696 2081 750 2144 alii
773 2081 898 2166 legunt)
922 2082 1007 2145 idem
1030 2081 1137 2145 valere
1161 2082 1244 2164 quod
1268 2104 1288 2144 a

115 2208 163 2250 aaa
197 2188 381 2250 masuerum
397 2187 434 2270 2).
481 2187 606 2251 Deinde
640 2189 731 2252 nobis
766 2188 842 2252 lieet
871 2211 942 2252 oum
965 2187 1090 2252 Rittero
1114 2189 1287 2271 explicare:

117 2294 192 2356 deas
226 2316 288 2356 non
323 2298 389 2357 tam
424 2317 514 2358 suam
549 2295 699 2358 iniuriam
733 2295 844 2359 ulcisci
873 2318 969 2379 quam
992 2296 1157 2359 iniustitiae
1182 2297 1289 2360 sedem

117 2401 186 2463 odio
210 2401 369 2484 persequi.
415 2401 500 2464 Nam
523 2401 589 2466 illae
612 2403 679 2465 deas
702 2403 825 2486 pariter
848 2406 944 2485 atque
968 2403 1066 2466 ceteri
1090 2403 1142 2466 dei
1158 2403 1289 2486 deaeque

117 2507 157 2571 ob
191 2507 343 2571 violatam
377 2508 534 2571 iustitiam
570 2509 608 2572 de
632 2507 767 2592 perfidia
790 2509 987 2573 troianorum
1011 2513 1043 2573 et
1066 2509 1290 2573 Laomedontis
1389 2546 1392 2551 ,

117 2613 208 2678 iratae
236 2618 319 2677 sunt.
366 2613 491 2692 Postea,
532 2638 629 2698 quum
652 2614 744 2679 Paris
767 2638 847 2679 nova
872 2617 1062 2680 contumelia
1087 2639 1139 2680 eas
1164 2617 1290 2680 affecis-

117 2724 176 2798 set,
201 2721 414 2785 inveteratum
439 2722 545 2785 odium
567 2723 824 2807 redintegratum
849 2727 906 2787 est.
954 2722 1016 2787 Sed
1041 2724 1125 2786 enim
1142 2723 1206 2786 alia
1221 2746 1289 2786 ma-

119 2828 170 2912 gis
193 2828 323 2912 propria
347 2833 379 2892 et
403 2829 494 2911 quasi
518 2829 690 2894 domestica
715 2853 809 2894 eausa
834 2834 912 2908 erat,
938 2853 994 2894 eur
1016 2830 1066 2893 his
1089 2829 1291 2913 potissimum

119 2934 239 3024 deabus
269 2936 400 2998 deorum
423 2935 643 3000 fraudatorum
666 2959 716 3000 res
741 2937 827 3000 cordi
852 2941 966 3000 essent.
1014 2937 1073 3000 Est
1097 2937 1181 3008 enim
1206 2936 1290 3000 anti-

119 3063 182 3123 qua
216 3041 335 3105 fabula
361 3042 429 3106 sine
458 3043 552 3106 dubio
582 3042 715 3106 Horatio
738 3044 902 3107 notissima
925 3043 1087 3121 lunonem,
1112 3043 1291 3108 Minervam

118 3147 369 3232 Neptunumque
405 3150 479 3214 olim
495 3148 497 3152 ’
514 3150 711 3233 conspirasse
747 3151 787 3214 ad
820 3148 929 3214 lovem
965 3173 981 3214 e
1017 3151 1092 3237 eaelo
1126 3172 1291 3235 regnoque

118 3255 312 3318 turbandum
327 3256 365 3338 ³).
418 3255 559 3331 Quarum
582 3256 771 3320 insidiarum
793 3261 829 3320 ut
851 3279 970 3340 poenas
995 3258 1095 3334 daret,
1119 3257 1290 3341 Neptunus

120 3384 138 3423 a
168 3359 242 3425 love
271 3363 346 3427 eaelo
372 3363 518 3446 expulsus
544 3367 600 3427 est.
647 3363 705 3428 Illo
729 3363 874 3427 laborum
897 3368 1040 3448 tempore
1064 3364 1235 3448 Neptunus
1260 3368 1291 3427 et

119 3467 234 3551 Apollo
259 3467 305 3549 (et
328 3469 355 3532 is
380 3469 480 3551 exsul)
496 3471 620 3533 moenia
636 3469 739 3533 Troiae
756 3470 1003 3548 aedifieaverunt,
1028 3493 1088 3554 quo
1105 3471 1189 3534 faeto
1205 3492 1291 3533 mer-

120 3575 196 3638 cede
232 3575 359 3658 deoepti
394 3579 476 3639 sunt.
529 3575 606 3651 Quae
630 3598 729 3659 quum
752 3577 798 3639 ita
822 3581 936 3654 essent,
960 3577 1032 3640 fieri
1054 3577 1206 3640 nimirum
1229 3598 1291 3639 non
1333 3570 1335 3574 ⁸

196 3767 213 3830 ¹)
233 3777 262 3824 Il.
282 3778 326 3824 IX:
347 3779 396 3824 593
417 3767 491 3821 πόλιν
511 3767 538 3820 δὲ
558 3789 585 3821 τε
605 3775 652 3840 πῦρ
673 3768 817 3840 opaeum
837 3767 948 3840 ἄμαθος
968 3791 1000 3813 =
1020 3778 1113 3838 pulvis,
1133 3791 1216 3824 arena.

197 3855 330 3920 ¹)Domdt
349 3868 377 3912 af
393 3868 453 3925 mig,
472 3880 536 3913 non:
556 3866 687 3913 tindomdt
705 3868 765 3926 mig.
804 3868 872 3914 Scire
890 3868 974 3922 velim,
994 3868 1039 3914 ubi
1061 3868 1195 3925 „damnare
1215 3868 1290 3914 alieni

121 3949 233 4013 aliquid“
256 3955 382 4014 significet
400 3955 518 4002 tilldtma
536 3970 588 4014 ngn
607 3957 660 4014 ngt.

196 4034 214 4098 ⁵)
234 4045 308 4090 Hom.
328 4044 357 4090 Il.
378 4045 398 4091 I:
419 4047 469 4090 399
490 4058 540 4103 sq.:
561 4035 656 4088 ὁππότε
676 4054 719 4106 μιν
738 4033 866 4108 &estquod
884 4034 1024 4107 Ὀλύμπιοι
1042 4034 1147 4109 ἤθελον
1167 4035 1254 4100 ἄλλοι,

120 4121 194 4194 Ἥρη
214 4123 236 4175 τ’
255 4122 305 4194 ἠδὲ
324 4121 479 4177 Ποσειδάων
497 4125 543 4176 καὶ
561 4123 675 4184 Παλλὰς
693 4123 819 4196 Ἀθήνη.
