2766 4590
566 1249 751 1349 l-VL

65 1414 205 1541 Prima
228 1500 280 1540 sex
304 1477 456 1554 carmina,
480 1481 516 1539 ut
539 1478 641 1560 primo
659 1480 790 1560 aspectu
806 1477 960 1551 videmus,
985 1478 1054 1537 arte
1071 1474 1157 1537 inter
1173 1496 1243 1538 sese

66 1608 183 1649 conexa
218 1589 301 1648 sunt.
350 1581 464 1647 Omnia
500 1584 584 1647 euim
620 1583 777 1648 didactica
814 1587 846 1646 et
875 1582 981 1646 ethica
1004 1585 1078 1643 sunt
1103 1584 1134 1643 et
1159 1581 1245 1644 idem

68 1692 189 1755 habent
212 1696 349 1754 metrum
374 1694 470 1773 atque
494 1690 540 1753 ita
564 1691 797 1767 continuantur,
833 1693 869 1752 ut
893 1688 1020 1751 initium
1038 1687 1245 1750 uniuscuius-

64 1819 128 1880 que
164 1799 313 1861 carminis
349 1820 421 1860 cum
450 1802 589 1860 extrema
612 1801 704 1880 parte
729 1796 878 1860 carminis
901 1794 1112 1878 praecedentis
1137 1794 1247 1858 cohae-

64 1909 145 1967 reat.
193 1904 262 1979 Qua
292 1926 327 1967 re
352 1903 499 1967 commoti
522 1904 621 1981 fuere,
647 1904 703 1985 qui
726 1903 902 1978 crederent,
926 1924 1022 1963 unam
1047 1922 1115 1962 esse
1140 1901 1246 1964 conti-

64 2033 162 2073 nuam
197 2012 297 2075 odam.
344 2009 395 2073 Ita
429 2009 546 2093 Porph.
583 2009 755 2073 credidisse
789 2009 917 2071 videtur
952 2012 983 2070 et
1014 2007 1187 2070 Diomedes
1212 2009 1248 2071 in

65 2116 173 2180 libello
197 2140 251 2180 suo
276 2118 315 2181 de
338 2117 448 2179 metris
472 2116 647 2179 horatianis
671 2116 720 2179 od.
738 2116 907 2198 septimam
922 2114 1016 2176 huius
1033 2113 1109 2176 libri
1124 2136 1242 2177 secun-

66 2224 139 2286 dam
163 2223 314 2307 appellat.
363 2221 421 2287 Od.
447 2224 465 2285 2
491 2246 563 2286 cum
587 2224 634 2286 od.
652 2224 672 2285 3
690 2223 724 2285 in
739 2221 898 2286 nonnullis
916 2221 1076 2284 codicibus
1093 2220 1245 2297 cohaeret,

66 2331 150 2394 inter
185 2353 262 2413 quos
296 2335 378 2394 teste
414 2330 551 2413 Cruquio
588 2330 685 2393 etiam
719 2329 781 2391 fuit
817 2329 883 2392 cod.
908 2327 1017 2391 bland.
1042 2330 1117 2404 vet,
1143 2331 1179 2389 ut
1204 2350 1246 2391 ne

64 2437 184 2500 maiore
208 2437 337 2519 quidem
362 2441 393 2500 et
417 2437 574 2500 ornatiore
598 2436 692 2499 l'tera
715 2436 799 2497 inter
820 2435 889 2498 haec
906 2434 1047 2498 carmina
1064 2433 1247 2497 intercedat

66 2544 246 2607 discrimen.
293 2543 353 2606 His
388 2543 584 2626 temporibus
618 2541 827 2626 hypercritici
863 2541 993 2624 quidam
1025 2541 1158 2603 eandem
1182 2540 1244 2603 ha-

65 2651 163 2713 buere
192 2650 380 2732 opinionem,
410 2671 481 2732 quae
505 2653 612 2711 tamen
635 2649 703 2711 sine
725 2648 818 2710 dubio
843 2648 925 2710 falsa
949 2651 1006 2710 est.
1053 2646 1131 2709 Tale
1156 2648 1246 2710 enim

65 2778 194 2819 carmen
222 2756 442 2840 longissimum
465 2759 641 2818 monstrum
665 2758 757 2830 esset,
783 2755 834 2818 cui
858 2754 943 2837 apud
966 2753 1137 2817 Horatium
1160 2753 1246 2816 nihil

65 2867 149 2927 essct
180 2863 283 2926 simile
307 2885 365 2926 uec
390 2863 572 2939 secundum,
598 2867 693 2944 atque
718 2861 870 2925 Horatius
894 2861 962 2943 ipse
987 2861 1020 2922 in
1044 2860 1148 2942 prima
1171 2860 1243 2941 pri-

65 2992 126 3033 mae
163 2970 228 3032 odae
264 2970 395 3053 stropha
430 2970 508 3033 dixit
542 2992 575 3032 se
610 2992 673 3032 non
707 2990 831 3031 carruca
855 2968 909 3030 sed
933 2969 1076 3030 culmino
1100 2967 1243 3049 scriptu-

64 3098 238 3139 ramesse.

172 3181 252 3246 Haec
276 3183 427 3260 carmina,
453 3205 647 3266 quamquam
670 3181 804 3266 lyricam
827 3185 976 3244 naturam
998 3202 1060 3242 non
1079 3179 1242 3257 omittunt,

64 3291 213 3374 gnomica
249 3294 280 3352 et
315 3289 508 3353 sententiosa
543 3294 626 3352 sunt.
672 3287 883 3371 Perspicuum
907 3292 954 3351 est
977 3287 1062 3349 inter
1086 3286 1244 3349 eiusmodi

65 3397 207 3460 carmina
235 3379 386 3461 conexum
414 3419 498 3478 saepe
526 3396 632 3459 laxum
655 3395 727 3458 fieri
749 3395 967 3478 transitusque
990 3395 1074 3456 inter
1098 3393 1243 3456 diversas

63 3504 240 3566 sententias
264 3503 411 3586 (γνώμας)
435 3503 542 3586 paullo
566 3503 766 3585 abruptiores
790 3503 951 3566 interdum
966 3501 1068 3563 videri
1087 3500 1121 3581 1).
1163 3500 1243 3574 Quae

66 3633 164 3693 quum
187 3611 233 3674 ita
256 3612 330 3688 sint,
354 3610 578 3694 hypercriticis
602 3609 791 3673 facillimum
814 3610 876 3672 fuit
899 3630 1032 3692 magnas
1056 3612 1165 3690 partes
1187 3630 1243 3670 ex-

64 3739 195 3800 cerpere
230 3718 419 3801 spuriasque
453 3716 669 3800 pronuntiare.
721 3715 783 3780 Suo
819 3716 952 3799 quisque
987 3715 1078 3778 modo
1112 3718 1243 3797 poetam

141 3965 157 4028 ¹)
187 3977 237 4023 Cfr.
257 3978 352 4036 Porph.
377 3977 410 4022 ad
433 3975 474 4022 od.
494 3977 542 4022 HI:
564 3978 576 4021 1
601 3976 668 4032 „haee
688 3975 736 4020 ode
754 3973 889 4032 multiplex
908 3986 954 4032 per
972 3973 1057 4018 varios
1077 3972 1181 4018 diducta
1201 3978 1243 4019 est

65 4060 184 4111 sensus“.
864 4057 866 4063 ’

19 4200 121 4264 Q
